2724 3518
1339 141 1367 186 4

197 288 366 341 singula
390 299 579 340 quaeque
609 283 805 324 omnibus
835 281 951 321 vitiis
971 280 1104 321 libera
1125 281 1239 328 sunt,
1272 279 1494 319 hominum
1514 278 1739 319 doctorum
1758 275 1881 317 laude
1900 275 2123 325 florebant,
2155 275 2260 316 satis
2282 274 2462 316 dilucide

197 360 411 415 patefieri,
452 357 605 411 quibus
642 354 759 395 vitiis
791 356 834 394 et
865 353 1078 394 erroribus
1114 351 1456 393 adolescentulus
1487 350 1699 391 Pindarus
1738 348 2017 397 laboraverit,
2057 360 2184 400 quam
2214 347 2326 387 viam
2355 347 2462 387 artis

199 431 449 475 excolendae
487 429 707 481 ingressus
747 426 821 476 sit,
863 424 1075 478 quomodo
1106 423 1314 477 paulatim
1343 438 1368 464 a
1397 437 1563 463 summa
1592 421 1726 462 virilis
1757 421 1912 461 aetatis
1942 419 2207 473 praestantia
2236 418 2289 459 ad
2318 432 2462 460 senec-

198 506 306 546 tutis
337 501 630 544 infirmitatem
660 498 857 551 delapsus
890 497 957 538 sit.
1014 496 1158 550 Atque
1187 495 1372 549 plurima
1410 495 1613 535 nimirum
1652 493 1763 534 mala
1801 493 1846 532 in
1877 493 2013 545 primo
2043 492 2233 533 omnium
2263 491 2463 540 carmine,

198 577 309 632 quod
329 574 538 616 Pindarus
570 571 808 612 vicenarius
830 569 944 619 fecit,
976 568 1133 622 Pythio
1159 568 1321 609 decimo
1352 568 1458 617 dico,
1489 566 1700 608 detexisse
1731 565 1812 606 sibi
1841 564 2021 606 videtur.
2078 564 2129 605 In
2151 577 2234 617 quo
2262 563 2463 613 carmine,

197 650 295 691 licet
325 645 531 688 nonnulla
559 643 751 684 invenias
782 641 966 695 vestigia
991 640 1247 694 juventutiS,
1278 642 1423 681 tamen
1449 640 1540 694 jam
1570 639 1715 680 eadem
1734 640 1885 691 poetae
1909 636 2115 689 perfectio
2136 642 2178 676 et
2199 635 2466 689 praestantia

199 722 396 775 apparet,
438 731 546 772 quae
583 716 628 756 in
669 714 979 768 posterioribus
1018 712 1291 754 carminibus.
1350 711 1449 753 Non
1479 712 1592 752 enim
1622 709 1818 762 discipuli
1846 711 1947 749 sunt
1975 709 2060 750 ista
2087 708 2349 757 rudimenta,
2391 708 2466 748 sed

198 792 377 834 artificia
406 788 604 842 magistri
633 790 839 841 spectata,
871 800 978 839 quae
1009 785 1156 826 diebus
1187 784 1362 826 deorum
1391 785 1515 826 festis
1546 798 1643 825 cum
1672 782 1901 836 magnifico
1925 785 2135 834 apparatu
2155 781 2367 821 instructa
2387 794 2465 833 pro

199 880 354 908 corona
383 863 539 905 civium
568 861 884 903 celebrarentur
915 862 956 899 et
987 860 1252 899 canerentur.
1313 856 1358 898 si
1388 871 1486 897 vero
1517 855 1821 897 adolescentuli
1851 854 1957 895 alios
1994 853 2126 894 fuisse
2156 867 2294 894 mores
2325 856 2466 906 putas,

198 938 301 980 alios
334 937 414 977 viri
443 935 599 984 adulti,
642 935 678 974 si
708 933 835 974 aliam
865 931 914 971 de
945 930 1024 970 diis
1056 929 1321 982 opinionem,
1360 929 1474 970 aliud
1511 929 1572 969 rei
1603 927 1796 981 publicae
1827 926 2188 967 administrandae
2227 926 2466 976 consilium,

198 1025 283 1052 non
313 1010 453 1050 minus
484 1021 611 1056 erras,
643 1004 865 1058 Leopolde.
923 1002 1050 1043 Mitte
1082 1002 1326 1052 Goethium,
1357 1003 1482 1044 mitte
1504 1001 1771 1050 Schillerum,
1801 1000 1927 1040 mitte
1957 1000 2180 1051 poetarum
2209 998 2300 1039 aevi
2328 998 2466 1039 nostri

197 1082 517 1135 ingeniosorum
548 1093 710 1120 errores
738 1076 970 1130 juveniles3
1001 1088 1089 1114 11011
1118 1074 1201 1115 iste
1232 1075 1403 1128 quidem
1432 1078 1625 1115 veterum
1647 1088 1738 1114 mos
1775 1074 1878 1114 erat.
1938 1071 2052 1111 Audi
2071 1070 2467 1112 Winkelmannium

199 1157 408 1203 nostrum,
439 1152 552 1193 haud
581 1152 718 1193 levem
746 1163 888 1190 rerum
910 1148 1168 1189 Graecarum
1199 1147 1548 1195 existimatorem,
1581 1146 1701 1199 cujus
1723 1145 1827 1186 haec
1850 1147 1951 1186 sunt
1973 1144 2122 1184 verba:
2159 1144 2262 1195 „Qie
2282 1143 2466 1189 (Sjriecben

200 1229 243 1269 in
274 1228 377 1278 ihrer
405 1225 527 1275 heften
557 1225 650 1280 sseit
678 1235 813 1265 maren
844 1221 1028 1262 benfeube
1058 1219 1216 1269 Qeien,
1246 1220 1379 1270 melche
1407 1218 1463 1261 20
1491 1222 1573 1261 nub
1605 1219 1709 1269 mehr
1739 1218 1866 1271 &obre
1895 1217 2003 1267 icbou
2037 1216 2186 1270 gebac‘bt
2215 1217 2367 1267 hatten,
2407 1216 2467 1268 ebe

199 1302 275 1342 mir
306 1298 527 1352 inssgemeiu
559 1301 638 1339 ctus}
670 1299 751 1338 1111ss
782 1293 891 1344 {erst
921 1305 965 1345 311
997 1292 1135 1334 benten
1167 1292 1392 1346 (111111119111,
1430 1292 1511 1334 111ιὸ
1542 1292 1602 1333 bie
1632 1292 1704 1334 ben
1734 1289 1842 1340 (551111
1881 1290 1923 1331 111
1961 1289 2101 1338 ieiuem
2141 1288 2303 1341 griissten
2333 1289 2469 1343 &enen

199 1385 278 1415 non
300 1373 363 1414 ber
382 1369 628 1413 ffltunterfflt
649 1370 716 1410 bes
746 1367 926 1417 mttere
947 1364 1185 1415 unta-itum,
1214 1364 1497 1418 belcbdftigten,
1526 1365 1681 1415 menter
1711 1362 1771 1406 bei
1801 1366 1895 1413 unffi,
1926 1362 1992 1403 bis
2025 1374 2063 1404 er
2094 1362 2300 1413 ubltimmt,
2331 1363 2470 1405 unebeI

203 1445 365 1499 gentil-31⁴1
384 1441 523 1484 1nitb.‘¹
587 1440 713 1481 Pueri
738 1439 850 1480 enim
870 1436 1025 1478 imbuti
1047 1436 1221 1477 deorum
1243 1437 1481 1489 patriorum
1502 1437 1676 1489 pietate,
1701 1436 1866 1489 patriae
1888 1449 2042 1484 amore,
2071 1435 2215 1487 legum
2233 1435 2470 1475 reverentia

201 1530 338 1558 mores
375 1518 547 1568 patrum
585 1512 846 1556 referebant,
883 1509 1075 1562 exempla
1105 1509 1398 1550 imitabantur.
1458 1508 1647 1556 Quorum
1678 1509 1872 1549 educatio
1904 1522 2036 1561 quum
2064 1507 2127 1547 ita
2155 1506 2469 1557 institueretur,

199 1593 248 1631 ut
278 1588 380 1630 boni
410 1587 522 1628 cives
552 1585 799 1633 evaderent,
843 1583 979 1624 multo
1010 1582 1219 1622 maturius
1250 1596 1378 1634 quam
1406 1596 1484 1623 nos
1517 1583 1699 1622 solemus
1730 1581 1871 1622 idonei
1900 1580 2005 1621 facti
2036 1582 2157 1630 sunt,
2196 1580 2269 1632 qui
2299 1579 2351 1620 ad
2380 1593 2470 1620 rem

199 1662 414 1716 publicam
443 1659 690 1700 accederent
722 1661 763 1698 et
792 1657 937 1709 legum
967 1655 1351 1707 institutorumque
1382 1655 1443 1695 rei
1461 1655 1657 1707 publicae
1686 1653 1875 1694 vindices
1897 1655 1940 1694 et
1959 1655 2127 1693 tutores
2148 1652 2311 1693 fierent.
2353 1650 2472 1693 Nihil

202 1735 313 1776 enim
344 1733 480 1785 magis
511 1731 767 1773 abhorrebat
797 1744 821 1770 a
851 1727 1158 1770 consuetudine
1187 1730 1379 1767 veterum
1401 1727 1675 1777 Graecorum,
1707 1740 1834 1780 quam
1863 1726 1936 1766 illa
1967 1725 2173 1766 effrenata
2204 1725 2472 1777 singulorum

199 1806 384 1855 licentia,
415 1820 499 1859 qua
529 1805 623 1857 quis
655 1802 870 1844 communi
899 1801 1034 1842 salute
1064 1800 1261 1853 neglecta
1290 1815 1428 1841 mores
1460 1816 1484 1841 a
1514 1800 1747 1853 majoribus
1778 1799 1960 1840 traditos
1994 1798 2251 1846 contemnit,
2282 1798 2398 1851 leges
2429 1800 2473 1838 et

200 1879 404 1919 instituta
434 1878 495 1918 rei
525 1876 715 1930 publicae
746 1874 890 1923 violat,
921 1887 997 1914 suo
1029 1872 1155 1925 genio
1187 1871 1394 1925 indulget.
1454 1873 1628 1914 Pindari
1650 1871 1819 1925 quidem
1844 1874 1887 1912 et
1906 1870 2107 1923 Aeschyli
2131 1869 2346 1910 saeculum
2366 1870 2472 1911 alios

200 1952 393 1992 homines
420 1950 533 1991 tulit.
593 1947 713 1989 Sicut
751 1947 865 1988 enim
902 1959 1130 1998 puerorum
1169 1945 1344 1986 lascivia
1378 1946 1521 1999 legum
1552 1948 1593 1986 et
1624 1947 1797 1998 patrum
1836 1943 2095 1986 auctoritate
2132 1942 2347 1983 luxuriare
2374 1955 2473 1995 pro-

199 2023 448 2071 hibebatur,
490 2022 552 2062 ita
583 2021 693 2062 cives
725 2019 806 2073 ipsi
837 2033 882 2059 se
912 2018 974 2059 rei
1002 2017 1195 2070 publicae
1235 2018 1560 2059 submittebant.
1620 2017 1773 2070 Neque
1807 2017 2008 2057 libertate
2045 2028 2245 2056 concessa
2282 2015 2344 2055 ita
2378 2016 2473 2055 ute-

200 2096 371 2144 bantur,
407 2097 455 2135 ut
485 2094 661 2136 consilia
688 2090 978 2133 instituendae
1011 2090 1122 2131 vitae
1153 2106 1177 2131 a
1207 2091 1359 2132 ceteris
1391 2094 1664 2144 separarent,
1696 2104 1834 2143 neque
1864 2088 2019 2129 honori
2048 2090 2123 2129 aut
2152 2087 2267 2128 laudi
2296 2089 2400 2137 erat,
2430 2087 2473 2127 id

202 2167 313 2221 quod
343 2167 423 2208 hoc
454 2166 669 2207 saeculum
698 2165 796 2214 fert,
827 2163 1063 2216 singularia
1092 2163 1298 2215 quaedam
1328 2165 1528 2216 appetere
1559 2166 1634 2204 aut
1665 2163 1829 2217 majora
1859 2164 1987 2215 atque
2010 2161 2164 2202 altiora
2194 2174 2321 2213 quam
2342 2160 2474 2201 ceteri

203 2240 400 2293 cogitare.
469 2238 584 2286 Quae
621 2238 768 2290 regula
808 2236 912 2277 adeo
951 2250 1098 2276 omnes
1138 2236 1334 2285 tenebat,
1381 2239 1431 2276 ut
1471 2250 1524 2277 ne
1561 2236 1774 2277 virtutum
1812 2234 1982 2288 quidem
2017 2233 2265 2274 eximiarum
2306 2232 2474 2274 laudem

205 2312 384 2366 singulis
415 2311 602 2352 tribuere
633 2310 830 2358 solerent,
862 2308 935 2349 sed
955 2308 1037 2348 toti
1068 2308 1246 2349 civitati.
1303 2308 1406 2356 Quis
1438 2309 1551 2350 enim
1582 2311 1647 2349 est
1668 2307 1965 2349 Marathoniae
1996 2306 2150 2347 aetatis
2180 2321 2267 2348 non
2296 2321 2472 2360 prorsus

204 2385 402 2438 ignarus,
441 2384 545 2438 quin
577 2383 705 2431 sciat,
746 2396 873 2434 quam
911 2383 1027 2422 arcto
1067 2380 1236 2422 vinculo
1276 2381 1436 2435 singuli
1464 2381 1575 2422 cives
1613 2395 1708 2421 cum
1740 2380 1897 2434 populo
1929 2394 2004 2421 suo
2035 2379 2254 2433 conjuncti
2282 2379 2474 2420 fuerint?

205 2457 308 2506 Quis
339 2460 426 2507 est,
468 2456 570 2510 quin
599 2455 841 2496 meminerit
875 2453 988 2494 illius
1019 2453 1217 2506 praemii,
1256 2467 1338 2506 quo
1369 2453 1584 2494 Miltiades
1616 2454 1669 2494 ob
1701 2453 1923 2494 victoriam
1953 2452 2003 2493 de
2033 2451 2176 2493 Persis
2210 2454 2475 2505 reportatam

205 2530 380 2572 affectus
413 2530 498 2570 sit?
555 2526 710 2569 Nonne
739 2526 836 2567 inde
866 2527 960 2567 luce
991 2526 1144 2568 clarius
1175 2530 1364 2579 apparet,
1395 2540 1482 2567 non
1513 2527 1640 2567 unius
1670 2525 1836 2575 virtuti,
1869 2525 1941 2566 sed
1961 2525 2153 2566 omnium
2173 2525 2330 2566 civium
2349 2513 2483 2567 forti-¹

205 2602 346 2644 tudini
385 2600 608 2642 victoriam
652 2599 824 2641 deberi?
884 2599 994 2647 Quid
1035 2599 1084 2640 de
1128 2598 1341 2641 Pausania
1382 2599 1541 2649 dicam,
1584 2599 1706 2653 cujus
1748 2613 1904 2640 nomen
1946 2613 1996 2640 ex
2031 2598 2199 2652 tripode
2235 2598 2307 2639 illo
2346 2613 2474 2640 aureo

207 2673 538 2727 exsculpendum
568 2675 825 2714 curaverunt
857 2672 1036 2713 Graeci?
1096 2671 1178 2713 Sed
1206 2686 1261 2713 ne
1290 2672 1427 2722 dicas,
1455 2672 1559 2714 haec
1589 2657 1697 2713 nihil
1727 2672 1779 2713 ad
1808 2686 1918 2721 rem,
1948 2673 2101 2725 utpote
2130 2685 2238 2724 quae
2268 2685 2356 2712 non
2385 2674 2476 2713 tam

207 2746 393 2786 universi
428 2745 575 2799 populi
604 2747 865 2799 potestatem
902 2745 948 2785 in
979 2745 1246 2796 singulorum
1277 2759 1415 2786 mores
1445 2745 1657 2795 indicent,
1700 2758 1828 2797 quam
1864 2744 2076 2785 libertatis
2116 2743 2394 2796 cupiditatem
2432 2747 2476 2785 et

207 2818 557 2867 aemulationem,
589 2820 760 2859 transeo
791 2817 843 2859 ad
872 2817 1138 2871 tragoediam
1169 2816 1449 2867 Graecorum,
1482 2831 1565 2870 qua
1594 2821 1814 2871 tamquam
1843 2817 1888 2857 in
1919 2816 2090 2870 speculo
2119 2830 2257 2858 mores
2288 2816 2477 2858 civitatis

208 2890 382 2944 depingi
410 2904 532 2932 nemo
563 2893 704 2944 negat.
763 2889 923 2939 Quodsi
958 2890 1090 2931 trium
1128 2903 1383 2943 magnorum
1420 2890 1686 2944 tragicorum
1725 2890 1892 2931 fabulas
1927 2890 2041 2930 inter
2070 2903 2115 2930 se
2150 2889 2474 2943 comparaveris,

209 2977 260 3004 ex
296 2976 344 3003 ea
386 2976 492 3015 quae
533 2962 647 3004 inter
685 2963 862 3005 chorum
905 2965 947 3004 et
986 2976 1190 3016 personas
1228 2962 1397 3004 fabulae
1434 2963 1662 3005 intercedit
1702 2962 1868 3004 ratione
1897 2975 2152 3015 cognoscere
2178 2964 2323 3014 potes,
2368 2975 2476 3015 quae

209 3048 374 3088 quaque
405 3037 544 3076 aetate
573 3036 720 3089 populi
750 3036 939 3077 universi
968 3038 1011 3077 et
1041 3035 1310 3088 singulorum
1340 3035 1496 3077 civium
1533 3035 1663 3077 fuerit
1704 3035 1813 3076 ratio
1851 3037 1894 3076 et
1933 3033 2190 3088 conjunctio.
2247 3033 2393 3087 Atque
2430 3034 2477 3075 in
