2724 3518
1267 190 1326 234 19

139 329 268 370 finem
291 329 426 370 totius
455 327 781 379 enunciationis,
814 343 961 370 verum
992 342 1117 381 saepe
1147 328 1199 369 ad
1228 328 1401 368 initium
1431 327 1649 380 sequentis
1679 326 1881 380 strophae
1910 332 2139 370 removeat.
2197 328 2413 379 Conferas,

140 415 309 455 quaeso,
340 416 378 443 v.
411 404 461 442 17
506 399 595 447 υἱός
632 400 797 447 Δανάας
836 416 931 442 cum
970 399 1017 441 O.
1055 399 1095 440 X
1134 402 1186 440 34
1227 400 1442 447 Μολίονες
1468 399 1732 463 ῥπερςοίαλοι
1774 397 1819 440 Ο.
1851 398 1890 440 X
1931 402 1981 441 55
2022 401 2174 456 χρόνος
2211 401 2250 442 J.
2282 404 2327 452 5,
2361 406 2410 444 35

135 471 362 530 Ἡρακλέης
408 473 500 514 aliis
546 472 661 514 locis.
727 471 827 513 Non
864 473 1006 513 minus
1044 471 1258 513 narrandi
1298 485 1426 524 yenus
1471 486 1567 513 cum
1614 471 1774 512 usitato
1821 470 1996 513 Pindari
2034 475 2150 514 more
2201 475 2412 527 congruit.

140 544 300 586 Tamen
332 544 515 586 acumini
545 543 772 585 Schmidtii
801 545 1005 598 contigit,
1045 547 1094 585 ut
1132 544 1199 585 vel
1236 558 1286 585 ex
1322 544 1403 585 hoc
1432 544 1616 585 carmine
1646 546 1867 596 tamquam
1897 558 1947 584 ex
1976 545 2161 586 armario
2192 546 2326 587 telum
2356 547 2409 588 ad

140 617 449 658 defendendam
488 631 609 658 suam
647 615 697 657 de
734 615 911 657 Pindari
949 619 1042 657 arte
1080 616 1325 670 opinionem
1366 619 1518 658 sumat.
1584 615 1799 668 Deceptus
1841 616 1955 657 enim
2000 617 2072 658 illo
2118 632 2281 669 errore,
2328 633 2412 672 quo

140 690 310 743 putavit
340 690 385 730 in
414 689 556 743 priore
586 688 773 730 carmine
802 688 991 729 fabulam
1021 688 1084 730 ita
1103 691 1322 729 narratam
1351 703 1454 739 esse,
1486 691 1535 730 ut
1566 688 1840 736 ostendatur,
1872 692 2080 741 quantum
2107 690 2412 744 res.mythicae

140 762 194 803 ab
230 762 429 803 humanis
468 761 688 811 differant,
728 761 972 814 suspicatur
1010 760 1160 814 mytho
1192 760 1242 802 de
1272 760 1418 802 Persei
1447 762 1573 802 rebus
1605 760 1739 814 gestis
1769 760 1968 811 indicari,
1999 765 2210 815 quantum
2240 763 2412 804 intersit

139 834 254 875 inter
284 834 417 875 filium
447 833 621 874 deorum
651 836 693 874 et
723 832 916 874 homines
946 833 1135 874 miseros.
1193 832 1401 874 Homines
1432 833 1545 874 enim
1574 833 1657 873 nisi
1694 832 1888 873 maximis
1926 833 2143 875 laboribus
2183 835 2412 876 exantlatis

141 906 194 948 ad
230 906 396 947 felicem
434 906 547 947 vitae
591 905 881 947 conditionem
919 906 1140 959 pervenire
1179 920 1266 946 non
1307 920 1454 959 posse,
1499 906 1619 947 illum
1655 907 1829 946 tutante
1868 908 1910 946 et
1949 906 2182 948 auxiliante
2220 906 2413 949 Minerva

140 978 338 1019 facillime
368 978 421 1019 ad
451 993 663 1019 summum
691 977 972 1019 beatitudinis
1003 978 1184 1031 gradum
1215 978 1464 1020 escendisse.
1508 978 1602 1032 Ego
1632 992 1731 1019 vero
1757 991 1860 1030 pace
1882 976 2108 1019 Schmidtii
2137 979 2278 1032 ipsum
2310 994 2413 1021 con·-

140 1049 321 1091 trarium
362 1050 685 1101 affirmaverim,
725 1050 914 1092 fabulam
953 1051 1112 1092 scilicet
1150 1050 1486 1092 luculentissime
1516 1051 1684 1100 docere,
1723 1049 1875 1103 quanti
1907 1050 2064 1091 laboris
2096 1050 2250 1092 Perseo
2281 1051 2413 1093 fuerit

139 1120 361 1163 Medusam
389 1123 641 1165 interficere.
706 1122 808 1176 Ipsa
837 1123 910 1164 illa
947 1124 1075 1164 verba
1113 1137 1151 1164 v,
1185 1125 1236 1163 18
1275 1121 1371 1165 ἐπεὶ
1408 1122 1451 1165 ἐκ
1490 1125 1652 1165 τούτων
1690 1124 1816 1176 φίλον
1857 1121 1987 1179 ἄνδρα
2016 1122 2168 1166 πόνων
2210 1122 2411 1177 ἐρρύσατο

139 1192 426 1236 Schmidtium
462 1196 616 1237 erroris
655 1196 898 1249 gravissimi
938 1198 1138 1249 arguunt.
1205 1194 1318 1236 Nam
1355 1195 1440 1236 nisi
1477 1196 1620 1236 divino
1659 1195 1816 1236 auxilio
1855 1194 2035 1237 Perseus
2075 1195 2248 1249 adjutus
2287 1199 2412 1248 esset,

137 1266 320 1308 victoria
349 1268 524 1310 omnino
553 1283 640 1310 non
671 1270 785 1309 esset
814 1268 993 1322 potitus,
1048 1266 1160 1316 Quin
1189 1267 1294 1309 haec
1323 1268 1416 1321 ipsa
1447 1269 1663 1309 sententia
1692 1270 1758 1309 est
1788 1267 2018 1319 vinculum,
2051 1283 2134 1322 quo
2164 1283 2201 1309 v.
2233 1271 2411 1310 28—32

136 1353 233 1380 cum
262 1340 424 1393 reliquo
456 1341 640 1382 carmine
664 1341 913 1382 cohaerent:
945 1343 994 1381 ut
1023 1341 1136 1382 enim
1165 1339 1360 1382 Minerva
1385 1340 1531 1382 Persei
1552 1342 1719 1382 labores
1739 1340 1892 1390 finivit,
1923 1341 1984 1382 ita
2007 1342 2167 1394 δαίμων
2195 1341 2413 1383 laboribus
2470 1370 2474 1371 ν

136 1410 275 1453 Midae
304 1413 433 1454 finem
462 1413 679 1467 imposuit.
738 1412 1059 1455 Sententiarum
1087 1414 1223 1467 igitur
1253 1413 1354 1455 ordo
1385 1414 1454 1455 hic
1486 1417 1573 1455 est:
1605 1413 1827 1465 „Laudata
1847 1412 2077 1466 Agrigenti
2107 1413 2184 1455 dea
2211 1416 2254 1454 et
2277 1416 2411 1465 orata,

138 1486 188 1525 ut
217 1485 424 1527 benevola
453 1486 637 1539 excipiat
666 1485 916 1527 redeuntem
944 1486 1165 1535 victorem,
1196 1488 1410 1538 narratur,
1440 1487 1552 1528 unde
1579 1501 1647 1528 ars
1677 1487 1762 1537 flla,
1794 1500 1877 1539 qua
1890 1484 2027 1526 Midas
2053 1486 2168 1536 vicit,
2201 1487 2412 1539 originem

137 1558 308 1610 ceperit.
355 1558 460 1600 Cum
491 1559 605 1600 enim
623 1557 805 1600 Perseus
820 1558 1042 1599 Medusam
1070 1558 1371 1611 interfecisset,
1402 1558 1597 1600 Minerva
1627 1572 1821 1600 sororum
1850 1557 2013 1599 luctum
2041 1558 2210 1600 imitata
2239 1559 2413 1601 modum

135 1629 258 1670 illum
287 1630 521 1673 multorum
552 1632 739 1685 capitum
779 1632 985 1686 (κεφαλᾶν
1014 1632 1180 1673 πολλᾶν
1210 1630 1343 1684 νόμον
1382 1647 1420 1672 v.
1450 1631 1522 1684 23)
1559 1631 1747 1681 invenit,
1789 1630 1862 1684 qui
1900 1630 2120 1671 colebatur
2156 1631 2201 1671 in
2231 1630 2412 1674 Boeotia

137 1704 180 1744 et
209 1702 324 1744 inter
352 1704 586 1746 certamina
615 1704 778 1745 ludicra
806 1706 1002 1756 receptus
1034 1705 1111 1744 est.
1170 1702 1268 1744 Jam
1299 1704 1469 1745 additur
1499 1708 1686 1759 σφραγίς,
1718 1717 1802 1756 qua
1833 1717 2003 1744 carmen
2032 1703 2094 1744 ita
2124 1702 2175 1744 ad
2205 1703 2413 1745 victorem

136 1774 274 1816 redire
305 1776 427 1827 solet,
457 1779 507 1817 ut
536 1780 736 1818 narratae
766 1776 936 1817 fabulae
966 1775 1162 1817 doctrina
1192 1776 1236 1817 in
1266 1791 1391 1817 usum
1421 1777 1596 1818 victoris
1627 1779 1669 1817 et
1698 1775 1867 1817 laudem
1898 1777 2185 1817 convertatur.
2234 1776 2408 1818 Auditis

137 1847 251 1888 enim
281 1848 484 1901 gravibus
513 1849 729 1890 laboribus
751 1848 897 1890 Persei
926 1849 1073 1890 mirari
1101 1864 1227 1890 nemo
1258 1849 1413 1902 potuit,
1442 1848 1555 1903 quod
1584 1849 1722 1890 victor
1744 1850 1786 1889 et
1810 1848 1914 1902 ipse,
1945 1848 2193 1902 priusquam
2222 1849 2274 1890 ad
2300 1849 2411 1891 hanc

136 1919 386 1962 felicitatem
415 1922 678 1975 perveniret,
717 1922 789 1962 diu
827 1924 870 1962 et
905 1922 1094 1975 graviter
1130 1922 1324 1963 laborare
1361 1924 1532 1964 coactus
1567 1924 1671 1963 erat.
1729 1920 1828 1963 ι13111
1866 1920 1945 1962 hac
1982 1920 2161 1962 victoria
2189 1924 2409 1975 reportata

137 1992 240 2034 deus
270 1994 400 2035 finem
428 1994 587 2035 laboris
618 1994 741 2043 fecit3
772 2009 872 2036 nam
904 1993 984 2035 fati
1014 1995 1210 2048 potentia
1239 1995 1540 2048 insuperabilis
1573 1997 1651 2036 est.
1710 1992 1993 2042 Quamobrem
2024 2008 2078 2034 ne
2109 1993 2324 2046 desperes,
2366 1997 2410 2035 te

137 2079 306 2120 quoque
343 2067 571 2121 aliquando
612 2082 663 2108 ex
699 2068 923 2120 inopinato
963 2069 1006 2109 et
1037 2070 1207 2120 praeter
1237 2082 1355 2120 spem
1385 2070 1585 2108 votorum
1614 2069 1788 2108 tuorum
1817 2066 2067 2107 damnatum
2096 2065 2168 2116 iri,
2212 2066 2294 2107 etsi
2322 2081 2411 2108 non

139 2139 281 2180 omnia
310 2154 396 2180 uno
425 2140 655 2194 eodemque
684 2143 877 2193 tempore
906 2140 987 2181 tibi
1017 2140 1316 2193 contingunt.‘⁶
1366 2139 1448 2181 Hic
1478 2154 1627 2180 sensus
1655 2139 1852 2189 efficitur,
1884 2139 1920 2180 si
1940 2153 1977 2180 v.
1999 2141 2046 2179 31
2076 2141 2143 2180 τίν
2165 2153 2240 2192 pro
2266 2138 2411 2180 dativo

137 2229 194 2247 Ξ
222 2216 295 2254 σοί
320 2212 487 2266 accipis.
533 2211 771 2254 Scholiasta
803 2212 974 2265 quidem
1003 2212 1066 2254 ita
1095 2213 1419 2266 interpretatur,
1449 2214 1497 2252 ut
1528 2212 1684 2262 videas,
1715 2226 1811 2252 eum
1841 2211 1892 2252 de
1922 2226 2007 2253 uno
2028 2210 2145 2252 Mida
2172 2211 2408 2264 cogitasse3

138 2285 242 2326 dicit
272 2285 384 2326 enim
414 2283 503 2327 ἀλλ’
535 2283 650 2327 ἔστιν
680 2277 802 2333 οὗτος
833 2284 857 2326 ὁ
887 2285 1060 2342 χρόνος,
1101 2284 1217 2332 ὅστις
1257 2286 1325 2327 καὶ
1361 2283 1413 2326 τά
1448 2282 1494 2326 ἐν
1535 2282 1784 2341 α’νελπιστίᾳ
1825 2283 2087 2341 καταστήσας
2117 2282 2167 2324 τό
2197 2281 2409 2326 ἀνάπαλιν

138 2360 212 2414 τῆς
240 2357 406 2415 γνώμης
434 2359 503 2399 καὶ
540 2355 733 2410 ἐλπίδος,
774 2357 825 2399 τό
859 2358 941 2411 μὲν
978 2358 1104 2400 δώσει
1141 2357 1252 2414 ὅπερ
1292 2355 1365 2399 οὐκ
1399 2355 1615 2414 ἤλπιζε,
1654 2355 1704 2398 τό
1744 2357 1792 2398 δέ
1827 2354 1876 2399 οῦ
1913 2356 2042 2398 δώσει
2081 2355 2191 2409 ὅπερ
2222 2368 2412 2412 προσε-

138 2429 342 2486 δόκησε.
401 2429 601 2471 Ceterum
628 2430 765 2484 major
794 2431 857 2472 vis
888 2431 951 2473 ita
980 2430 1153 2472 additur
1183 2429 1448 2472 conclusioni
1478 2429 1691 2471 carminis.

361 2501 414 2543 In
454 2502 626 2544 scholiis
661 2502 765 2545 haec
802 2506 1021 2557 postrema
1052 2504 1182 2545 verba
1216 2503 1270 2544 ad
1303 2502 1516 2544 infelciem
1556 2501 1768 2555 quendam
1798 2516 1942 2543 casum
1965 2501 2140 2543 victoris
2171 2515 2412 2554 supremam

139 2575 327 2617 fistulam
358 2575 404 2616 in
433 2575 528 2628 ipso
557 2576 789 2618 certamine
818 2576 1058 2630 frangentis
1088 2577 1353 2618 revocantur.
1408 2575 1459 2616 Id
1488 2590 1593 2616 num
1622 2589 1770 2616 verum
1800 2574 1857 2615 sit
1886 2588 2042 2624 necne,
2080 2573 2187 2615 nihil
2217 2574 2270 2614 ad
2298 2588 2411 2624 rem;

139 2662 288 2689 versus
320 2647 433 2689 enim
457 2647 599 2689 ultimi
626 2648 710 2701 ipsi
733 2663 809 2702 per
839 2663 883 2690 se
910 2650 1121 2703 optimum
1151 2662 1322 2690 sensum
1347 2648 1567 2701 praebent,
1598 2647 1636 2688 si
1664 2648 1806 2688 mente
1832 2649 2042 2697 tenemus,
2072 2646 2222 2699 quanti
2244 2646 2412 2688 labores

139 2720 374 2762 certamina
409 2720 666 2762 obeuntibus
702 2721 914 2763 tolerandi
950 2721 1124 2762 fuerint.
1189 2719 1326 2769 Quam
1364 2735 1453 2761 rem
1490 2720 1646 2762 idcirco
1684 2719 1832 2773 tetigi,
1883 2719 1996 2772 quod
2036 2717 2295 2760 Schmidtius
2330 2718 2411 2760 hac

138 2792 358 2835 occasione
394 2792 494 2834 data
531 2792 690 2844 utitur,
727 2795 778 2835 ut
806 2793 993 2835 Pindaro
1025 2793 1278 2847 praecipiat,
1322 2792 1533 2846 quomodo
1569 2792 1647 2834 tali
1682 2807 1783 2834 casu
1813 2791 2021 2834 utendum
2050 2791 2191 2832 fuerit.
2253 2789 2412 2832 Scribit

139 2866 252 2907 enim
283 2880 358 2907 suo
386 2879 501 2906 more
531 2879 571 2918 p.
603 2868 655 2906 76
684 2865 818 2907 istum
846 2881 1014 2916 casum,
1053 2866 1089 2906 si
1117 2880 1216 2906 vere
1246 2866 1492 2917 accidisset,
1531 2866 1577 2906 in
1606 2865 1744 2906 medio
1774 2864 1961 2907 carmine
1991 2863 2236 2918 ponendum
2265 2863 2410 2904 fuisse.

137 2937 190 2980 Id
218 2940 363 2979 tamen
392 2939 507 2979 recte
537 2940 704 2989 monet,
747 2953 878 2992 quum
906 2938 1044 2980 Midas
1082 2939 1149 2980 bis
1178 2938 1357 2992 Delphis
1394 2938 1567 2986 vicerit,
1596 2937 1706 2980 hanc
1735 2937 1860 2979 odam
1889 2937 1942 2978 ad
1971 2937 2156 2990 priorem
2184 2935 2407 2978 victoriam

140 3010 405 3052 referendam
434 3024 538 3062 esse,
570 3011 683 3064 quod
712 3014 839 3065 poeta
869 3011 1061 3065 alioquin
1090 3026 1128 3053 v.
1160 3014 1184 3052 6
1214 3015 1290 3053 aut
1319 3013 1382 3059 δὶς
1412 3011 1637 3053 νικάσαντα
1667 3013 1742 3052 aut
1772 3013 1950 3052 νικῶντα
1980 3009 2246 3063 scripsisset3
2287 3007 2408 3058 addo,

139 3097 177 3124 v.
206 3080 391 3138 σάμερον
421 3098 458 3124 v.
488 3085 540 3125 29
572 3084 698 3126 scribi
723 3098 812 3126 non
840 3084 1046 3138 potuisse,
1079 3083 1115 3125 si
1145 3098 1230 3126 una
1256 3083 1346 3138 jam
1375 3084 1553 3126 victoria
1581 3083 1620 3125 ei
1650 3082 1915 3136 contigisset.

1902 3153 1961 3197 3*
