2724 3518
1321 155 1384 200 20

438 293 678 347 Descriptio
709 292 909 334 carminis
939 291 1042 334 haec
1072 295 1158 333 est:

587 401 770 522 ῗ(α’ρκ-)
801 404 857 452 -1-
887 405 910 491 ᾗ
944 402 1070 455 (nau)
1101 405 1157 453 -1-
1188 406 1238 445 16
1271 402 1418 459 (ὅμφι)
1449 404 1505 452 -Ι-
1535 405 1558 489 {³2
1589 400 1775 456 (fiscan.)
1805 403 1861 452 -1-
1891 407 1914 525 l5
1947 405 2102 460 (we)-

434 586 550 640 Ἀρχοῖ
572 589 614 628 et
635 590 810 641 σφραγίς
835 585 888 627 ad
909 585 1114 626 victorem
1139 585 1372 637 pertinent,
1401 584 1644 638 κατατροπά
1671 587 1715 626 et
1735 582 2085 639 μετακατατροπά
2106 582 2222 636 prior
2245 582 2480 631 victoriam,

211 660 422 716 posterior
449 659 653 701 victoriae
684 659 1032 706 instrumentum,
1064 654 1260 710 ὀμφαλός
1289 657 1336 697 111
1365 656 1504 698 medio
1534 656 1721 699 carmine
1749 656 1917 710 positus
1947 655 2134 697 fabulam
2164 655 2368 697 continet.

1227 779 1293 832 P.
1330 778 1462 832 VII.

431 881 630 923 Carmina
666 897 754 923 11011
794 880 948 923 cubitis
988 880 1203 921 metienda
1241 894 1354 930 esse,
1397 879 1521 921 docet
1558 879 1663 920 haec
1701 878 1782 920 oda
1824 892 1921 919 cum
1959 878 2125 919 minimi
2163 877 2349 919 ambitus
2387 880 2481 919 tum

211 969 397 998 summae
428 955 547 1005 artis,
580 955 741 1008 scripta
768 953 949 1007 Megacli
977 953 1245 1002 Atheniensi,
1276 953 1350 1007 qui
1381 951 1443 993 Ol.
1475 955 1540 1002 72,
1573 954 1595 992 3
1628 966 1755 993 curru
1784 950 1962 1004 Delphis
1991 951 2162 992 vicerat.

431 1026 732 1068 Praemittitur
771 1027 864 1068 laus
904 1026 1069 1080 patriae
1107 1026 1305 1075 victoris;
1347 1025 1483 1067 totius
1526 1024 1639 1065 enim
1675 1023 1876 1065 Graeciae
1915 1023 2033 1064 nulla
2070 1023 2171 1064 urbs
2214 1023 2366 1065 clarior
2406 1025 2482 1065 aut

209 1101 392 1143 nobilior
415 1101 481 1140 est
497 1099 692 1140 Athenis.
735 1098 962 1141 Erechthei
983 1099 1211 1151 pristinam
1232 1099 1438 1139 virtutem
1460 1096 1787 1138 Alcmaeonidae
1807 1098 2031 1150 praestant
2061 1109 2157 1136 cum
2187 1096 2479 1137 exstructione

209 1173 358 1227 templi
378 1171 575 1225 Delphici
604 1174 698 1212 tum
730 1171 1005 1212 multitudine
1035 1171 1321 1212 victoriarum.
1372 1170 1471 1212 Jam
1499 1184 1611 1210 nova
1640 1169 1820 1210 victoria
1848 1169 2090 1217 laetantum
2121 1167 2348 1209 dolendum
2377 1182 2477 1209 vero

209 1247 288 1296 est,
324 1244 436 1299 quod
465 1244 625 1285 invidia
653 1245 923 1297 persequitur
952 1243 1257 1285 honestissima
1285 1257 1499 1296 quaeque3
1531 1255 1789 1295 quamquam
1818 1244 2061 1291 teneamUS,
2093 1255 2186 1281 eam
2214 1240 2477 1291 felicitatem,

210 1318 278 1360 cui
307 1318 407 1359 mali
436 1316 597 1369 aliquid
627 1317 857 1358 admistum
888 1317 957 1366 sit,
988 1316 1227 1357 diutissime
1257 1329 1516 1368 permanere.

431 1388 585 1430 Nonne
613 1389 693 1431 1100
723 1404 819 1431 vere
848 1388 1135 1430 laudatorium
1165 1392 1208 1429 et
1239 1388 1468 1442 epinicium
1499 1402 1669 1429 carmen
1699 1388 1796 1428 est?
1844 1385 1962 1428 Solet
2000 1386 2114 1426 enim
2143 1385 2356 1426 Pindarus
2386 1400 2478 1427 car-

208 1463 323 1504 mina
352 1461 533 1515 epinicia
561 1461 624 1502 ita
654 1461 894 1512 instituere,
926 1464 974 1502 ut
1005 1476 1093 1502 non
1116 1461 1254 1502 solum
1283 1462 1327 1501 111
1354 1459 1570 1514 praesenti
1600 1459 1778 1501 victoria
1808 1462 1850 1500 et
1876 1458 2052 1500 victoris
2073 1458 2196 1499 laude
2226 1458 2479 1511 acquiescat,

209 1535 281 1577 sed
311 1535 459 1575 urbem
490 1548 658 1588 quoque
689 1537 731 1575 et
761 1536 935 1587 gentem
965 1534 1138 1575 victoris
1177 1537 1422 1587 ceterasque
1460 1533 1513 1573 ab
1549 1532 1643 1585 ipso
1680 1532 1747 1572 vel
1778 1532 1973 1584 cognatis
2011 1533 2086 1572 aut
2116 1530 2350 1584 majoribus
2387 1530 2479 1583 ejus

207 1610 450 1662 reportatas
480 1607 680 1648 victorias
712 1607 864 1647 merita
892 1606 1015 1647 laude
1047 1609 1181 1648 ornet.
1241 1606 1429 1654 Quorum
1459 1604 1566 1645 nihil
1596 1604 1694 1646 huic
1726 1603 1904 1645 carmini
1932 1603 2063 1645 deest.
2120 1602 2334 1656 Megacles
2365 1603 2479 1643 enim

207 1680 465 1723 clarissimae
494 1679 612 1720 urbis
643 1679 901 1720 clarissimus
933 1679 1035 1720 civis
1058 1679 1340 1732 praedicatur.
1386 1678 1467 1726 Qui
1496 1678 1575 1718 hac
1597 1676 1781 1729 Pythica
1810 1677 1991 1718 victoria
2018 1676 2203 1730 patriam
2234 1677 2277 1716 et
2306 1678 2479 1729 gentem

207 1769 327 1795 suam
368 1752 559 1801 ornavit,
603 1752 693 1804 ipse
735 1754 777 1792 et
816 1751 979 1805 patriae
1022 1751 1387 1805 splendidissimae
1433 1750 1570 1804 gloria
1611 1753 1653 1790 et
1696 1749 1840 1803 gentis
1884 1763 1985 1790 suae
2024 1749 2308 1790 laudabilibus
2350 1747 2478 1789 factis

207 1825 484 1880 plurimisque
522 1824 711 1865 victoriis
760 1827 1003 1865 exornatur.
1071 1824 1212 1878 Atque
1260 1838 1393 1877 quum
1436 1824 1642 1869 virtutem
1691 1823 1865 1863 victoris
1903 1821 1956 1863 ad
1993 1822 2199 1862 virtutem
2238 1820 2358 1874 genti
2395 1819 2480 1873 ipsi

206 1899 394 1946 insitam,
424 1897 634 1950 imprimis
659 1896 711 1937 ad
735 1897 919 1938 auctoris
951 1897 1042 1949 ejus
1067 1897 1377 1951 praestantiam
1406 1911 1604 1937 revocare
1635 1910 1656 1936 0
1676 1894 1853 1936 Pindari
1883 1908 2000 1935 more
2032 1895 2101 1943 sit,
2132 1896 2181 1934 ut
2211 1908 2264 1934 110
2290 1892 2480 1946 mythica

206 1971 376 2026 quidem
414 1972 536 2023 parte
573 1984 742 2011 carmen
780 1972 924 2022 egeat,
971 1969 1255 2018 Erechtheus,
1299 1969 1468 2009 divinus
1507 1968 1675 2009 oeneus
1715 1970 1884 2018 auctor,
1928 1968 1973 2008 in
2011 1967 2149 2008 medio
2189 1966 2376 2008 carmine
2417 1965 2480 2006 ita

205 2045 401 2099 ponitur,
447 2044 496 2082 ut
541 2042 774 2083 exstructio
824 2043 974 2095 templi
1012 2042 1207 2096 Delphici
1250 2043 1320 2095 pio
1361 2003 1686 2083 Erechtidarum
1729 2040 1869 2082 animo
1913 2040 2058 2081 deberi
2099 2040 2313 2081 doceatur.
2380 2037 2478 2079 Jam

205 2118 395 2171 apparet,
425 2115 498 2168 qui
525 2114 687 2155 factum
719 2115 788 2164 sit,
819 2117 868 2155 ut
892 2115 1291 2156 Alcmaeonidarum
1321 2128 1427 2168 gens
1457 2116 1524 2155 tot
1555 2112 1910 2167 splendidissimis
1941 2112 2132 2154 victoriis
2159 2112 2274 2153 inter
2294 2110 2478 2153 Graecos

204 2189 523 2236 inclaresceret3
562 2190 663 2228 sunt
693 2187 805 2228 enim
835 2188 1022 2240 praemia
1052 2188 1315 2229 reverentiae
1347 2187 1521 2228 deorum
1551 2189 1594 2227 et
1624 2185 1820 2239 pietatis,
1857 2185 1910 2226 ab
1939 2184 2139 2238 Apolline
2167 2185 2260 2238 ipso
2291 2184 2343 2225 iis
2373 2198 2475 2225 con-

203 2276 332 2304 cessa.
390 2260 440 2301 Id
478 2259 515 2300 si
550 2262 691 2310 tenes,
731 2275 843 2301 nova
873 2265 915 2302 et
951 2261 1063 2302 clara
1101 2261 1172 2300 lux
1202 2260 1431 2313 postremis
1471 2259 1670 2300 carminis
1702 2258 1894 2299 versibus
1926 2258 2123 2308 affertur,
2161 2257 2314 2310 quibus
2345 2259 2476 2310 poeta

202 2333 435 2387 Megaclem
473 2332 523 2373 de
561 2332 720 2373 invidia
749 2333 891 2386 gentis
923 2348 1023 2375 suae
1061 2333 1318 2375 consolatur.
1378 2331 1475 2373 Sive
1512 2332 1625 2373 enim
1662 2346 1730 2382 ea,
1769 2345 1876 2384 quae
1907 2330 2151 2371 Herodotus
2183 2328 2249 2382 (6,
2284 2328 2384 2383 1'15)
2424 2328 2476 2370 de

200 2405 441 2460 proditione
471 2404 871 2445 Alcmaeonidarum
901 2409 999 2459 post
1029 2420 1219 2459 pugnam
1250 2404 1567 2446 Marathoniam
1597 2403 1742 2453 tradit,
1774 2417 1874 2444 vera
1905 2405 2007 2444 sunt
2039 2403 2126 2443 sive
2158 2402 2284 2453 falsa,
2316 2402 2366 2443 de
2397 2401 2478 2443 hoc

201 2479 395 2520 dubitare
433 2492 520 2518 non
557 2491 804 2529 possumus,
848 2479 951 2531 quin
989 2479 1143 2519 nobilis
1181 2479 1253 2519 illa
1289 2492 1395 2531 gens
1433 2477 1532 2519 inde
1571 2492 1595 2518 a
1633 2477 1758 2518 caede
1797 2476 1970 2529 Cylonis
2009 2475 2168 2516 invidia
2205 2474 2477 2528 popularium

199 2550 478 2598 laboraverit3
523 2550 797 2602 quamobrem
828 2551 927 2591 data
957 2551 1176 2592 occasione
1208 2550 1417 2592 Pindarus
1448 2550 1588 2591 utitur
1623 2549 1676 2590 ad
1718 2548 2052 2591 reconciliandos
2097 2547 2260 2588 civibus
2303 2547 2391 2588 suis
2434 2550 2477 2588 et

202 2622 554 2665 commendandos
585 2622 920 2664 Alcmaeonidas.
979 2622 1094 2671 Quos
1124 2638 1255 2676 quum
1285 2624 1396 2664 claro
1436 2625 1479 2663 et
1516 2621 1756 2663 venerando
1786 2621 2011 2662 Erechthei
2041 2620 2214 2662 nomine
2245 2620 2476 2673 distinguit

203 2695 409 2749 simulque
441 2695 576 2748 gloria
615 2696 822 2736 exstructi
861 2696 1009 2749 templi
1039 2696 1232 2750 Delphici
1271 2699 1417 2745 ornat,
1460 2694 1622 2736 indicat
1661 2708 1732 2735 008
1763 2695 1874 2735 811108
1916 2708 2007 2735 0880
2045 2708 2142 2734 vere
2171 2692 2473 2742 Athenienses,

202 2767 431 2820 majoribus
462 2767 627 2821 dignos.
672 2767 894 2821 Templum
926 2769 1038 2809 enim
1062 2769 1274 2822 Apollinis
1306 2783 1329 2809 a
1354 2767 1640 2808 Pisistratidis
1671 2767 1882 2820 tyrannis,
1916 2781 2097 2820 quorum
2129 2765 2489 2816 expellendorumr

202 2839 525 2880 Alcmaeonidae
555 2840 770 2894 praecipui
800 2840 933 2881 fuisse
964 2841 1164 2882 dicuntur
1193 2844 1411 2890 auctores,
1452 2841 1674 2881 incensum
1704 2842 1746 2879 et
1777 2839 1967 2880 dirutum
1997 2839 2121 2880 liberi
2152 2838 2264 2880 cives
2305 2837 2472 2890 magni-

202 2911 397 2952 ficentius
428 2912 767 2954 aedificaverunt.
827 2912 890 2954 De
921 2914 1060 2967 patria
1090 2914 1224 2967 igitur
1255 2928 1332 2954 sua
1363 2912 1523 2966 optime
1554 2911 1696 2952 meriti
1726 2914 1840 2952 sunt.

426 2983 530 3024 Cum
565 2985 645 3027 hoc
685 2985 907 3038 aptissimo
944 2987 1144 3027 carminis
1184 2988 1439 3039 argumento
1470 2985 1609 3026 forma
1648 2984 1807 3037 optime
1846 2984 2059 3037 congruit.
2125 2982 2321 3035 Quinque
2358 2982 2471 3023 enim

203 3055 394 3108 partibus
433 3059 736 3108 quaternorum
776 3060 851 3098 aut
889 3059 1117 3111 quinorum
1161 3072 1360 3100 versuum
1403 3060 1496 3098 tota
1538 3056 1617 3098 oda
1658 3057 1916 3098 continetur.
1982 3057 2124 3110 Atque
2163 3058 2392 3110 προοίμιον
2429 3056 2472 3095 et
