2724 3518
1322 160 1381 206 36

213 307 556 363 splendidissima
567 302 610 356 ³⁵)
637 301 866 343 Themistii
893 299 1063 354 nepotis
1094 301 1200 349 erat,
1231 299 1304 352 qui
1333 297 1538 352 Epidauri
1566 296 1717 337 iisdem
1745 295 1857 337 ludis
1886 299 1929 338 et
1958 295 2180 350 pugilatus
2209 297 2256 336 et
2283 293 2494 347 pancratii

210 382 348 423 victor
378 377 651 419 renuntia-tus
682 376 759 415 est.
805 373 917 414 Huic
950 371 1135 425 Pytheas
1166 385 1300 423 usque
1330 370 1430 411 dum
1462 369 1647 411 Nemeae
1676 368 1951 410 redimiretur
1981 368 2098 421 apio,
2129 367 2275 408 cedere
2312 366 2494 408 debebat

210 455 254 494 et
282 451 512 493 invidebat.
570 446 669 488 Jam
708 444 897 497 Pytheas
937 443 1183 486 consobrini
1218 443 1399 496 gloriam
1440 441 1686 483 obscuravit
1725 441 1805 482 1130
1833 439 2048 482 Νο1110303
2081 438 2276 481 victoria.
2334 437 2495 487 Quam-

214 525 359 566 obrem
390 523 517 575 poeta
544 519 691 560 laudes
723 517 1056 559 adolescentium
1094 516 1156 556 ita
1192 515 1407 565 instituit,
1449 516 1498 555 ut
1529 515 1862 555 commemorato
1892 512 2164 566 Euthymene
2200 511 2253 552 ad
2282 510 2495 564 Pytheam

212 597 403 637 transeat
446 595 510 643 et,
553 584 685 644 qudm
714 589 941 632 verisimile
971 588 1049 638 sit,
1089 601 1291 641 pompam
1329 587 1381 628 ad
1419 586 1543 628 aedes
1579 584 1807 626 Themistii
1851 584 2089 625 communis
2125 584 2194 624 avi
2232 584 2494 633 substitisse,

213 665 438 707 Themistii
467 664 638 718 nepotis
667 663 838 704 laudem
867 660 1057 714 Pytheae
1097 659 1332 701 canendam
1370 659 1556 707 tribuat,
1595 657 1755 710 quippe
1793 657 1868 709 qui
1905 656 1996 709 ipse
2035 657 2186 698 clarior
2224 656 2367 698 factus
2406 670 2494 696 11011

207 740 296 793 jam
340 737 660 790 consanguineo
699 735 891 777 debitum
933 733 1139 774 honorem
1182 731 1399 773 inviderit.
1470 730 1547 772 Cui
1588 729 1670 770 viri
1713 728 1951 770 doctissimi
1993 729 2343 783 interpretationi
2393 727 2494 782 quid

209 812 374 860 addam,
403 824 489 850 11011
519 809 667 850 habeo.

434 882 552 923 Haec
581 884 706 931 sunt,
749 893 857 934 quae
888 877 1151 920 Schmidtius
1181 877 1232 918 de
1261 877 1314 917 iis
1345 875 1627 924 carminibus,
1667 888 1776 928 quae
1805 874 1859 915 ad
1889 873 2071 927 primam
2095 873 2271 915 Pindari
2308 876 2493 914 aetatem

212 957 426 1011 pertinere
455 957 619 997 certum
649 956 729 1004 est,
759 953 805 994 in
835 951 1021 993 medium
1051 949 1226 1004 profert.
1284 948 1404 990 Idem
1434 949 1581 989 censet
1611 947 1656 987 in
1687 947 1948 988 carminibus
1979 945 2018 988 J.
2038 946 2118 996 ΙΙΙ,
2149 946 2171 987 Ι
2200 946 2253 988 N.
2283 945 2400 995 VIII,
2431 944 2494 987 IV

211 1033 253 1072 et
296 1029 402 1082 ipsis
447 1026 756 1069 adolescentiae
788 1023 985 1086 'vestigia
1029 1026 1189 1076 patere.
1247 1021 1331 1063 Sed
1389 1035 1494 1062 num
1549 1020 1620 1060 illa
1671 1024 1785 1061 recte
1842 1019 1895 1060 ad
1944 1019 2276 1060 adolescentiam
2320 1017 2496 1059 Pindari

209 1102 480 1155 rejiciantur,
529 1099 666 1141 adhuc
711 1099 757 1139 in
799 1096 926 1137 dubio
969 1098 1035 1136 est
1077 1108 1213 1148 neque
1255 1094 1354 1135 licet
1398 1094 1522 1135 nobis
1560 1093 1666 1134 fines
1710 1091 1838 1145 hujus
1881 1091 2032 1145 scripti
2075 1091 2258 1144 amplius
2305 1091 2495 1132 dilatare.

211 1174 348 1223 Quare
366 1173 665 1221 subsistamus,
696 1171 851 1224 quippe
875 1183 1021 1223 quum,
1053 1170 1264 1220 quantum
1288 1167 1396 1207 vires
1416 1165 1763 1219 suppeditabant,
1787 1179 1877 1205 rem
1893 1163 2160 1218 propositam
2175 1163 2494 1206 confecerimus.

209 1247 353 1300 Atque
382 1245 565 1286 vidimus
595 1244 785 1298 quidem,
825 1256 908 1295 qua
937 1241 1007 1281 via
1036 1247 1078 1281 et
1109 1240 1276 1280 ratione
1307 1238 1543 1280 Schmidtio
1575 1237 1828 1290 contigerit,
1869 1251 1981 1278 nova
2011 1251 2089 1277 sua
2118 1239 2161 1278 et
2191 1250 2326 1290 usque
2357 1236 2495 1277 adhuc

210 1318 406 1360 inaudita
436 1317 487 1359 de
517 1316 693 1358 Pindari
723 1319 814 1357 arte
845 1317 887 1355 et
918 1312 1178 1355 carminibus
1209 1312 1529 1365 conglutinare3
1571 1310 1776 1360 vidimus,
1821 1323 1950 1363 quam
1978 1310 2144 1351 incerta
2173 1310 2229 1349 sit
2259 1309 2352 1362 ejus
2382 1308 2494 1349 ratio

208 1393 254 1433 in
285 1389 535 1444 explicando
566 1391 692 1443 poeta
723 1387 934 1435 adhibita3
972 1385 1167 1433 vidimus,
1199 1399 1296 1425 eum
1326 1384 1580 1438 gravissima
1608 1396 1800 1436 quaeque
1830 1385 2061 1432 momenta,
2092 1382 2247 1435 quibus
2277 1384 2372 1422 tota
2401 1380 2504 1435 ejus.

209 1463 508 1517 interpretatio
538 1462 706 1510 nititur,
737 1461 984 1513 plerumque
1006 1472 1093 1499 non
1117 1472 1167 1498 ex
1189 1456 1388 1505 Pindaro,
1421 1456 1493 1497 sed
1515 1471 1565 1496 ex
1590 1470 1666 1496 3110
1693 1455 1828 1509 ipsius
1849 1456 2024 1509 ingenio
2044 1454 2260 1499 hausisse:
2293 1453 2491 1503 vidimus,

212 1551 265 1577 ne
304 1536 380 1576 uni
417 1535 588 1589 quidem
629 1533 820 1575 omnium
860 1546 1007 1573 eorum
1046 1530 1306 1579 carminum,
1352 1544 1460 1582 quae
1497 1528 1614 1569 vitiis
1645 1528 1956 1569 adolescentiae
1995 1528 2188 1569 laborare
2216 1526 2381 1579 judicat
2411 1525 2495 1566 iste

214 1608 401 1657 criticuS,
432 1606 606 1661 propria
627 1604 833 1659 quaedam
854 1604 1008 1653 inesse,
1039 1603 1195 1656 quibus
1227 1617 1251 1643 a
1273 1602 1424 1644 ceteris
1446 1601 1706 1642 carminibus
1729 1601 1924 1650 differat3
1956 1600 2153 1649 vidimus,
2185 1601 2229 1640 et
2255 1599 2494 1640 orationem

213 1685 256 1723 et
294 1686 479 1722 metrum
517 1682 561 1720 et
599 1678 826 1730 religiones
869 1679 912 1717 et
950 1675 1011 1717 rei
1050 1675 1245 1728 publicae
1287 1673 1651 1715 administrandae
1692 1676 1921 1727 praecepta
1959 1676 2001 1714 et
2039 1672 2242 1713 narrandi
2284 1671 2497 1713 rationem

207 1753 385 1795 eandem
431 1766 523 1793 0330
562 1765 690 1805 quam
731 1752 893 1804 postea.
960 1749 1105 1802 Atque
1147 1762 1279 1801 quum
1322 1745 1585 1788 Schmidtius
1628 1761 1839 1787 summam
1882 1761 2054 1799 operam
2097 1745 2142 1785 in
2185 1744 2496 1798 compositione

209 1826 477 1880 singulorum
505 1824 741 1866 carminum
771 1821 1054 1876 vituperanda
1085 1820 1417 1869 consumsisset,
1460 1834 1546 1860 non
1578 1819 1956 1872 praetermisimus,
1988 1818 2093 1872 quin
2124 1818 2379 1866 doceremes,
2411 1830 2496 1870 qua

208 1899 302 1951 lege
334 1896 657 1951 compositionis
695 1899 822 1949 poeta
859 1909 962 1936 usus
993 1897 1118 1935 esset.
1184 1892 1377 1933 Vidimus
1415 1896 1559 1933 autem
1591 1906 1803 1945 nusquam
1833 1891 2034 1941 arbitrio,
2079 1904 2291 1944 nusquam
2330 1888 2498 1930 libidini

209 1973 350 2013 locum
397 1970 600 2023 relinqui,
650 1969 891 2021 ubicunque
931 1970 1092 2008 certam
1128 1966 1267 2019 legem
1304 1966 1505 2020 conspici.
1565 1964 1681 2013 Quae
1719 1978 1851 2018 quum
1887 1964 1950 2005 ita
1990 1964 2097 2013 sint,
2137 1976 2276 2016 neque
2307 1976 2356 2002 03
2387 1975 2495 2014 quae

212 2043 476 2086 Schmidtius
517 2041 566 2082 de
597 2041 756 2095 triplici
792 2040 865 2081 illa
906 2042 1097 2081 aetatum
1127 2038 1335 2079 divisione
1377 2038 1561 2091 profert,
1602 2038 1655 2078 ab
1694 2037 1891 2078 omnibus
1930 2036 2057 2078 fidem
2099 2035 2322 2076 invenient
2360 2047 2498 2087 neque

212 2116 481 2170 singulorum
531 2115 766 2156 carminum
812 2111 1005 2166 quamvis
1056 2111 1281 2164 ingeniosa
1325 2110 1628 2164 interpretatio
1680 2109 1878 2151 omnibus
1925 2108 2189 2162 probabitur.
2263 2106 2355 2148 Imo
2407 2119 2498 2147 11011

212 2188 413 2238 deerunt,
453 2187 527 2241 qui
557 2186 783 2228 Schmidtii
821 2184 1012 2237 exemplo
1050 2187 1094 2225 et
1123 2183 1300 2225 fortuna
1335 2183 1472 2225 edocti
1502 2183 1679 2224 redeant
1715 2181 1767 2222 ad
1799 2182 2119 2235 simplicitatem
2149 2182 2192 2222 et
2221 2178 2493 2233 diligentiam

214 2265 408 2302 veterum
436 2260 723 2312 interpretum
750 2258 881 2300 libere
911 2261 953 2299 et
984 2256 1175 2298 modeste
1205 2256 1516 2310 profitentium,
1547 2255 1711 2308 aliquid
1739 2267 1930 2308 cynorare
1958 2254 2026 2305 fas
2057 2266 2152 2296 esse.

441 2421 475 2465 *)
501 2420 544 2455 cf.
571 2432 602 2454 v.
628 2419 787 2454 Leutsch
812 2418 835 2452 l.
861 2417 881 2451 1.
909 2430 945 2462 p.
970 2418 1038 2452 370
1064 2420 1101 2453 et
1127 2417 1265 2452 Krause
1289 2416 1485 2452 Helleniea
1504 2415 1532 2449 Ι.
1557 2427 1593 2460 p.
1621 2415 1700 2450 542.

1212 2685 1256 2704 Ξῖ)
1261 2682 1317 2704 0-‹2‘
1322 2682 1502 2703 ‹We-ecs
1507 2688 1618 2695 -—-—-
1622 2688 1685 2691 —
