<?xml version="1.0" encoding="UTF-8"?>
<!DOCTYPE html PUBLIC "-//W3C//DTD XHTML 1.0 Transitional//EN"
    "http://www.w3.org/TR/xhtml1/DTD/xhtml1-transitional.dtd">
<html xmlns="http://www.w3.org/1999/xhtml" xml:lang="en" lang="en">
 <head>
  <title>
</title>
<meta http-equiv="Content-Type" content="text/html;charset=utf-8" />
  <meta name='ocr-system' content='tesseract 3.04.00' />
  <meta name='ocr-capabilities' content='ocr_page ocr_carea ocr_par ocr_line ocrx_word'/>
</head>
<body>
  <div class='ocr_page' id='page_1' title='image "./disputationumpin00mezguoft_0022.png"; bbox 0 0 2724 3518; ppageno 0'>
   <div class='ocr_carea' id='block_1_1' title="bbox 1310 155 1370 200">
    <p class='ocr_par' dir='ltr' id='par_1_1' title="bbox 1310 155 1370 200">
     <span class='ocr_line' id='line_1_1' title="bbox 1310 155 1370 200; baseline -0.017 0"><span class='ocrx_word' id='word_1_1' title='bbox 1310 155 1370 200; x_wconf 73' lang='lat' dir='ltr'>1ss</span> 
     </span>
    </p>
   </div>
   <div class='ocr_carea' id='block_1_2' title="bbox 200 289 2492 3104">
    <p class='ocr_par' dir='ltr' id='par_1_2' title="bbox 200 289 2479 497">
     <span class='ocr_line' id='line_1_2' title="bbox 200 289 2477 351; baseline -0.004 -13"><span class='ocrx_word' id='word_1_2' title='bbox 200 312 332 351; x_wconf 92' lang='lat' dir='ltr'>quum</span> <span class='ocrx_word' id='word_1_3' title='bbox 360 312 494 349; x_wconf 79' lang='lat' dir='ltr'>genus</span> <span class='ocrx_word' id='word_1_4' title='bbox 525 301 809 342; x_wconf 87' lang='lat' dir='ltr'>masculinum</span> <span class='ocrx_word' id='word_1_5' title='bbox 837 299 975 341; x_wconf 87' lang='lat' dir='ltr'>forma</span> <span class='ocrx_word' id='word_1_6' title='bbox 1005 293 1205 348; x_wconf 75' lang='lat' dir='ltr'>adjectivi</span> <span class='ocrx_word' id='word_1_7' title='bbox 1236 289 1454 347; x_wconf 79' lang='grc' dir='ltr'><em>παμφόρῳ</em></span> <span class='ocrx_word' id='word_1_8' title='bbox 1484 293 1722 334; x_wconf 73' lang='lat' dir='ltr'>excusetur.</span> <span class='ocrx_word' id='word_1_9' title='bbox 1780 291 1850 333; x_wconf 90' lang='lat' dir='ltr'>Ita</span> <span class='ocrx_word' id='word_1_10' title='bbox 1889 294 2003 333; x_wconf 89' lang='lat' dir='ltr'>certe</span> <span class='ocrx_word' id='word_1_11' title='bbox 2044 304 2194 331; x_wconf 84' lang='lat' dir='ltr'>sensus</span> <span class='ocrx_word' id='word_1_12' title='bbox 2225 289 2415 343; x_wconf 84' lang='lat' dir='ltr'>optimus</span> <span class='ocrx_word' id='word_1_13' title='bbox 2455 303 2477 330; x_wconf 90' lang='lat' dir='ltr'>e</span> 
     </span>
     <span class='ocr_line' id='line_1_3' title="bbox 203 361 2479 423; baseline -0.004 -13"><span class='ocrx_word' id='word_1_14' title='bbox 203 370 342 411; x_wconf 89' lang='lat' dir='ltr'>verbis</span> <span class='ocrx_word' id='word_1_15' title='bbox 372 374 522 423; x_wconf 88' lang='lat' dir='ltr'>poetae</span> <span class='ocrx_word' id='word_1_16' title='bbox 552 371 736 413; x_wconf 75' lang='lat' dir='ltr'>elicitur:</span> <span class='ocrx_word' id='word_1_17' title='bbox 767 386 856 413; x_wconf 92' lang='lat' dir='ltr'>non</span> <span class='ocrx_word' id='word_1_18' title='bbox 885 368 1004 411; x_wconf 89' lang='lat' dir='ltr'>venti</span> <span class='ocrx_word' id='word_1_19' title='bbox 1034 381 1127 408; x_wconf 92' lang='lat' dir='ltr'>eam</span> <span class='ocrx_word' id='word_1_20' title='bbox 1155 379 1306 418; x_wconf 87' lang='lat' dir='ltr'>gazam</span> <span class='ocrx_word' id='word_1_21' title='bbox 1336 364 1556 417; x_wconf 89' lang='lat' dir='ltr'>abripiunt</span> <span class='ocrx_word' id='word_1_22' title='bbox 1584 364 1629 404; x_wconf 89' lang='lat' dir='ltr'>in</span> <span class='ocrx_word' id='word_1_23' title='bbox 1660 378 1776 405; x_wconf 89' lang='lat' dir='ltr'>mare</span> <span class='ocrx_word' id='word_1_24' title='bbox 1805 363 2068 417; x_wconf 88' lang='lat' dir='ltr'>profundum</span> <span class='ocrx_word' id='word_1_25' title='bbox 2097 377 2184 403; x_wconf 85' lang='lat' dir='ltr'>una</span> <span class='ocrx_word' id='word_1_26' title='bbox 2216 375 2313 403; x_wconf 90' lang='lat' dir='ltr'>cum</span> <span class='ocrx_word' id='word_1_27' title='bbox 2335 361 2479 415; x_wconf 84' lang='lat' dir='ltr'>glarea</span> 
     </span>
     <span class='ocr_line' id='line_1_4' title="bbox 204 436 1508 497; baseline -0.005 -14"><span class='ocrx_word' id='word_1_28' title='bbox 204 439 387 494; x_wconf 83' lang='lat' dir='ltr'>(ventis)</span> <span class='ocrx_word' id='word_1_29' title='bbox 418 442 600 495; x_wconf 90' lang='lat' dir='ltr'>pulsata,</span> <span class='ocrx_word' id='word_1_30' title='bbox 629 458 737 497; x_wconf 91' lang='lat' dir='ltr'>quae</span> <span class='ocrx_word' id='word_1_31' title='bbox 768 446 907 485; x_wconf 88' lang='lat' dir='ltr'>cetera</span> <span class='ocrx_word' id='word_1_32' title='bbox 938 440 1081 482; x_wconf 89' lang='lat' dir='ltr'>omnia</span> <span class='ocrx_word' id='word_1_33' title='bbox 1109 452 1253 479; x_wconf 86' lang='lat' dir='ltr'>secum</span> <span class='ocrx_word' id='word_1_34' title='bbox 1281 436 1508 490; x_wconf 89' lang='lat' dir='ltr'>provolvit.</span> 
     </span>
    </p>

    <p class='ocr_par' dir='ltr' id='par_1_3' title="bbox 202 506 2482 1217">
     <span class='ocr_line' id='line_1_5' title="bbox 426 506 2480 568; baseline -0.004 -13"><span class='ocrx_word' id='word_1_35' title='bbox 426 513 541 561; x_wconf 82' lang='lat' dir='ltr'>Quae</span> <span class='ocrx_word' id='word_1_36' title='bbox 583 518 822 568; x_wconf 85' lang='lat' dir='ltr'>sequuntur</span> <span class='ocrx_word' id='word_1_37' title='bbox 861 511 1122 556; x_wconf 81' lang='lat' dir='ltr'>Schmidtius</span> <span class='ocrx_word' id='word_1_38' title='bbox 1163 510 1271 550; x_wconf 88' lang='lat' dir='ltr'>bene</span> <span class='ocrx_word' id='word_1_39' title='bbox 1315 509 1626 561; x_wconf 87' lang='lat' dir='ltr'>interpretatus</span> <span class='ocrx_word' id='word_1_40' title='bbox 1672 511 1759 549; x_wconf 86' lang='lat' dir='ltr'>est:</span> <span class='ocrx_word' id='word_1_41' title='bbox 1811 507 2053 563; x_wconf 79' lang='grc' dir='ltr'><em>πρόσωπον</em></span> <span class='ocrx_word' id='word_1_42' title='bbox 2095 506 2209 549; x_wconf 83' lang='grc'>6111111</span> <span class='ocrx_word' id='word_1_43' title='bbox 2253 520 2341 547; x_wconf 88' lang='grc'>11011</span> <span class='ocrx_word' id='word_1_44' title='bbox 2383 520 2480 546; x_wconf 85' lang='grc'>611111</span> 
     </span>
     <span class='ocr_line' id='line_1_6' title="bbox 202 577 2478 639; baseline -0.004 -12"><span class='ocrx_word' id='word_1_45' title='bbox 202 585 417 627; x_wconf 82' lang='lat' dir='ltr'>Boeckhio</span> <span class='ocrx_word' id='word_1_46' title='bbox 448 589 490 626; x_wconf 90' lang='lat' dir='ltr'>et</span> <span class='ocrx_word' id='word_1_47' title='bbox 521 586 614 627; x_wconf 90' lang='lat' dir='ltr'>aliis</span> <span class='ocrx_word' id='word_1_48' title='bbox 644 587 696 628; x_wconf 92' lang='lat' dir='ltr'>ad</span> <span class='ocrx_word' id='word_1_49' title='bbox 726 587 840 628; x_wconf 90' lang='lat' dir='ltr'>hunc</span> <span class='ocrx_word' id='word_1_50' title='bbox 866 587 1074 639; x_wconf 87' lang='lat' dir='ltr'>hymnum</span> <span class='ocrx_word' id='word_1_51' title='bbox 1102 581 1253 623; x_wconf 85' lang='lat' dir='ltr'>referri</span> <span class='ocrx_word' id='word_1_52' title='bbox 1281 583 1449 634; x_wconf 78' lang='lat' dir='ltr'>potest3</span> <span class='ocrx_word' id='word_1_53' title='bbox 1481 582 1546 621; x_wconf 87' lang='lat' dir='ltr'>est</span> <span class='ocrx_word' id='word_1_54' title='bbox 1576 580 1720 633; x_wconf 87' lang='lat' dir='ltr'>potius</span> <span class='ocrx_word' id='word_1_55' title='bbox 1742 579 2000 633; x_wconf 81' lang='lat' dir='ltr'>Thrasybuli</span> <span class='ocrx_word' id='word_1_56' title='bbox 2029 579 2186 628; x_wconf 75' lang='lat' dir='ltr'>vultus,</span> <span class='ocrx_word' id='word_1_57' title='bbox 2218 578 2292 632; x_wconf 91' lang='lat' dir='ltr'>qui</span> <span class='ocrx_word' id='word_1_58' title='bbox 2311 577 2478 618; x_wconf 88' lang='lat' dir='ltr'>rediens</span> 
     </span>
     <span class='ocr_line' id='line_1_7' title="bbox 203 649 2481 712; baseline -0.004 -14"><span class='ocrx_word' id='word_1_59' title='bbox 203 657 380 710; x_wconf 84' lang='lat' dir='ltr'>Delphis</span> <span class='ocrx_word' id='word_1_60' title='bbox 419 658 504 699; x_wconf 89' lang='lat' dir='ltr'>oris</span> <span class='ocrx_word' id='word_1_61' title='bbox 543 658 767 712; x_wconf 84' lang='lat' dir='ltr'>splendore</span> <span class='ocrx_word' id='word_1_62' title='bbox 801 657 928 700; x_wconf 89' lang='lat' dir='ltr'>hilari</span> <span class='ocrx_word' id='word_1_63' title='bbox 967 655 1233 698; x_wconf 83' lang='lat' dir='ltr'>sermonibus</span> <span class='ocrx_word' id='word_1_64' title='bbox 1271 652 1518 694; x_wconf 81' lang='lat' dir='ltr'>mortalium</span> <span class='ocrx_word' id='word_1_65' title='bbox 1554 652 1778 693; x_wconf 84' lang='lat' dir='ltr'>nunciabit</span> <span class='ocrx_word' id='word_1_66' title='bbox 1815 653 2038 693; x_wconf 88' lang='lat' dir='ltr'>victoriam</span> <span class='ocrx_word' id='word_1_67' title='bbox 2069 665 2337 694; x_wconf 90' lang='lat' dir='ltr'>communem</span> <span class='ocrx_word' id='word_1_68' title='bbox 2365 649 2481 703; x_wconf 89' lang='lat' dir='ltr'>patri</span> 
     </span>
     <span class='ocr_line' id='line_1_8' title="bbox 204 721 2481 782; baseline -0.003 -12"><span class='ocrx_word' id='word_1_69' title='bbox 204 734 247 770; x_wconf 86' lang='lat' dir='ltr'>et</span> <span class='ocrx_word' id='word_1_70' title='bbox 276 730 396 782; x_wconf 83' lang='lat' dir='ltr'>genti</span> <span class='ocrx_word' id='word_1_71' title='bbox 426 744 538 771; x_wconf 85' lang='grc'>31166.</span> <span class='ocrx_word' id='word_1_72' title='bbox 581 730 699 772; x_wconf 88' lang='lat' dir='ltr'>Idem</span> <span class='ocrx_word' id='word_1_73' title='bbox 729 732 794 772; x_wconf 79' lang='lat' dir='ltr'>vir</span> <span class='ocrx_word' id='word_1_74' title='bbox 823 731 974 771; x_wconf 89' lang='lat' dir='ltr'>doctus</span> <span class='ocrx_word' id='word_1_75' title='bbox 1005 731 1119 769; x_wconf 85' lang='lat' dir='ltr'>recte</span> <span class='ocrx_word' id='word_1_76' title='bbox 1150 743 1215 769; x_wconf 72' lang='grc' dir='ltr'>νιν</span> <span class='ocrx_word' id='word_1_77' title='bbox 1243 741 1281 767; x_wconf 93' lang='lat' dir='ltr'>v.</span> <span class='ocrx_word' id='word_1_78' title='bbox 1306 729 1371 774; x_wconf 84' lang='lat'>19,</span> <span class='ocrx_word' id='word_1_79' title='bbox 1403 739 1427 765; x_wconf 91' lang='lat' dir='ltr'>a</span> <span class='ocrx_word' id='word_1_80' title='bbox 1446 723 1728 765; x_wconf 86' lang='lat' dir='ltr'>Mommsenio</span> <span class='ocrx_word' id='word_1_81' title='bbox 1758 724 2042 778; x_wconf 85' lang='lat' dir='ltr'>repudiatum,</span> <span class='ocrx_word' id='word_1_82' title='bbox 2073 723 2278 765; x_wconf 86' lang='lat' dir='ltr'>restituit.</span> <span class='ocrx_word' id='word_1_83' title='bbox 2335 721 2481 763; x_wconf 90' lang='lat' dir='ltr'>Nolim</span> 
     </span>
     <span class='ocr_line' id='line_1_9' title="bbox 202 794 2479 850; baseline -0.003 -8"><span class='ocrx_word' id='word_1_84' title='bbox 202 807 347 843; x_wconf 89' lang='lat' dir='ltr'>tamen</span> <span class='ocrx_word' id='word_1_85' title='bbox 386 802 428 842; x_wconf 87' lang='lat' dir='ltr'>id</span> <span class='ocrx_word' id='word_1_86' title='bbox 469 802 520 843; x_wconf 90' lang='lat' dir='ltr'>ad</span> <span class='ocrx_word' id='word_1_87' title='bbox 557 803 781 845; x_wconf 87' lang='lat' dir='ltr'>victoriam</span> <span class='ocrx_word' id='word_1_88' title='bbox 822 803 999 850; x_wconf 84' lang='lat' dir='ltr'>referre,</span> <span class='ocrx_word' id='word_1_89' title='bbox 1043 799 1115 840; x_wconf 89' lang='lat' dir='ltr'>sed</span> <span class='ocrx_word' id='word_1_90' title='bbox 1146 798 1198 840; x_wconf 84' lang='lat' dir='ltr'>ad</span> <span class='ocrx_word' id='word_1_91' title='bbox 1228 797 1514 839; x_wconf 84' lang='lat' dir='ltr'>Xenocratem</span> <span class='ocrx_word' id='word_1_92' title='bbox 1544 796 1696 849; x_wconf 90' lang='lat' dir='ltr'>ipsum.</span> <span class='ocrx_word' id='word_1_93' title='bbox 1756 795 1904 837; x_wconf 83' lang='lat' dir='ltr'>Oratio</span> <span class='ocrx_word' id='word_1_94' title='bbox 1943 796 2056 837; x_wconf 88' lang='lat' dir='ltr'>enim</span> <span class='ocrx_word' id='word_1_95' title='bbox 2092 797 2154 837; x_wconf 92' lang='lat' dir='ltr'>ita</span> <span class='ocrx_word' id='word_1_96' title='bbox 2183 794 2479 850; x_wconf 85' lang='lat' dir='ltr'>progreditur:</span> 
     </span>
     <span class='ocr_line' id='line_1_10' title="bbox 207 867 2480 927; baseline -0.003 -13"><span class='ocrx_word' id='word_1_97' title='bbox 207 874 284 923; x_wconf 89' lang='lat' dir='ltr'>Tu,</span> <span class='ocrx_word' id='word_1_98' title='bbox 316 873 594 927; x_wconf 83' lang='lat' dir='ltr'>Thrasybule,</span> <span class='ocrx_word' id='word_1_99' title='bbox 627 881 845 917; x_wconf 83' lang='lat' dir='ltr'>aeternam</span> <span class='ocrx_word' id='word_1_100' title='bbox 866 874 947 916; x_wconf 86' lang='lat' dir='ltr'>tibi</span> <span class='ocrx_word' id='word_1_101' title='bbox 968 871 1146 926; x_wconf 86' lang='lat' dir='ltr'>Delphis</span> <span class='ocrx_word' id='word_1_102' title='bbox 1166 870 1347 926; x_wconf 82' lang='lat' dir='ltr'>gloriam</span> <span class='ocrx_word' id='word_1_103' title='bbox 1368 869 1586 923; x_wconf 88' lang='lat' dir='ltr'>paravisti.</span> <span class='ocrx_word' id='word_1_104' title='bbox 1645 868 1780 910; x_wconf 90' lang='lat' dir='ltr'>Laeto</span> <span class='ocrx_word' id='word_1_105' title='bbox 1811 869 1924 909; x_wconf 90' lang='lat' dir='ltr'>enim</span> <span class='ocrx_word' id='word_1_106' title='bbox 1948 868 2032 909; x_wconf 88' lang='lat' dir='ltr'>oris</span> <span class='ocrx_word' id='word_1_107' title='bbox 2056 868 2280 922; x_wconf 83' lang='lat' dir='ltr'>splendore</span> <span class='ocrx_word' id='word_1_108' title='bbox 2301 867 2480 917; x_wconf 75' lang='lat' dir='ltr'>indicas,</span> 
     </span>
     <span class='ocr_line' id='line_1_11' title="bbox 204 941 2481 1002; baseline -0.002 -16"><span class='ocrx_word' id='word_1_109' title='bbox 204 949 247 986; x_wconf 92' lang='lat' dir='ltr'>te</span> <span class='ocrx_word' id='word_1_110' title='bbox 286 960 411 987; x_wconf 88' lang='lat' dir='ltr'>curru</span> <span class='ocrx_word' id='word_1_111' title='bbox 452 947 604 988; x_wconf 88' lang='lat' dir='ltr'>vicisse</span> <span class='ocrx_word' id='word_1_112' title='bbox 642 950 685 988; x_wconf 91' lang='lat' dir='ltr'>et</span> <span class='ocrx_word' id='word_1_113' title='bbox 723 949 838 1002; x_wconf 87' lang='lat' dir='ltr'>patri</span> <span class='ocrx_word' id='word_1_114' title='bbox 876 946 1081 1000; x_wconf 85' lang='lat' dir='ltr'>gentique</span> <span class='ocrx_word' id='word_1_115' title='bbox 1119 957 1279 984; x_wconf 90' lang='lat' dir='ltr'>novum</span> <span class='ocrx_word' id='word_1_116' title='bbox 1319 942 1446 983; x_wconf 89' lang='lat' dir='ltr'>decus</span> <span class='ocrx_word' id='word_1_117' title='bbox 1486 941 1717 990; x_wconf 84' lang='lat' dir='ltr'>addidisse3</span> <span class='ocrx_word' id='word_1_118' title='bbox 1762 941 1874 982; x_wconf 85' lang='lat' dir='ltr'>idem</span> <span class='ocrx_word' id='word_1_119' title='bbox 1914 941 2059 991; x_wconf 88' lang='lat' dir='ltr'>doces,</span> <span class='ocrx_word' id='word_1_120' title='bbox 2098 955 2230 994; x_wconf 89' lang='lat' dir='ltr'>quum</span> <span class='ocrx_word' id='word_1_121' title='bbox 2258 944 2426 994; x_wconf 87' lang='lat' dir='ltr'>patrem</span> <span class='ocrx_word' id='word_1_122' title='bbox 2456 954 2481 981; x_wconf 88' lang='lat' dir='ltr'>a</span> 
     </span>
     <span class='ocr_line' id='line_1_12' title="bbox 205 1013 2480 1069; baseline -0.002 -11"><span class='ocrx_word' id='word_1_123' title='bbox 205 1018 352 1059; x_wconf 75' lang='lat' dir='ltr'>dextra</span> <span class='ocrx_word' id='word_1_124' title='bbox 391 1021 579 1060; x_wconf 87' lang='lat' dir='ltr'>stantem</span> <span class='ocrx_word' id='word_1_125' title='bbox 616 1020 662 1060; x_wconf 90' lang='lat' dir='ltr'>in</span> <span class='ocrx_word' id='word_1_126' title='bbox 698 1021 949 1062; x_wconf 81' lang='lat' dir='ltr'>societatem</span> <span class='ocrx_word' id='word_1_127' title='bbox 985 1031 1134 1060; x_wconf 88' lang='lat' dir='ltr'>currus</span> <span class='ocrx_word' id='word_1_128' title='bbox 1173 1015 1448 1069; x_wconf 86' lang='lat' dir='ltr'>triumphalis</span> <span class='ocrx_word' id='word_1_129' title='bbox 1487 1013 1687 1067; x_wconf 87' lang='lat' dir='ltr'>recepisti</span> <span class='ocrx_word' id='word_1_130' title='bbox 1724 1014 1845 1067; x_wconf 89' lang='lat' dir='ltr'>eique</span> <span class='ocrx_word' id='word_1_131' title='bbox 1887 1013 2092 1055; x_wconf 89' lang='lat' dir='ltr'>victoriae</span> <span class='ocrx_word' id='word_1_132' title='bbox 2129 1013 2336 1055; x_wconf 87' lang='lat' dir='ltr'>honorem</span> <span class='ocrx_word' id='word_1_133' title='bbox 2378 1027 2480 1054; x_wconf 91' lang='lat' dir='ltr'>con-</span> 
     </span>
     <span class='ocr_line' id='line_1_13' title="bbox 203 1085 2482 1145; baseline -0.003 -14"><span class='ocrx_word' id='word_1_134' title='bbox 203 1091 390 1139; x_wconf 86' lang='lat' dir='ltr'>cessisti,</span> <span class='ocrx_word' id='word_1_135' title='bbox 421 1095 583 1144; x_wconf 87' lang='lat' dir='ltr'>quanta</span> <span class='ocrx_word' id='word_1_136' title='bbox 612 1093 657 1133; x_wconf 89' lang='lat' dir='ltr'>in</span> <span class='ocrx_word' id='word_1_137' title='bbox 688 1096 731 1134; x_wconf 91' lang='lat' dir='ltr'>te</span> <span class='ocrx_word' id='word_1_138' title='bbox 763 1093 818 1133; x_wconf 85' lang='lat' dir='ltr'>sit</span> <span class='ocrx_word' id='word_1_139' title='bbox 849 1092 1005 1145; x_wconf 82' lang='lat' dir='ltr'>pietaS,</span> <span class='ocrx_word' id='word_1_140' title='bbox 1045 1089 1242 1131; x_wconf 89' lang='lat' dir='ltr'>Chironis</span> <span class='ocrx_word' id='word_1_141' title='bbox 1273 1089 1599 1141; x_wconf 87' lang='lat' dir='ltr'>praeceptorum</span> <span class='ocrx_word' id='word_1_142' title='bbox 1629 1100 1790 1127; x_wconf 91' lang='lat' dir='ltr'>memor</span> <span class='ocrx_word' id='word_1_143' title='bbox 1821 1089 1864 1127; x_wconf 91' lang='lat' dir='ltr'>et</span> <span class='ocrx_word' id='word_1_144' title='bbox 1894 1086 2117 1127; x_wconf 81' lang='lat' dir='ltr'>Antilochi</span> <span class='ocrx_word' id='word_1_145' title='bbox 2145 1086 2226 1126; x_wconf 90' lang='lat' dir='ltr'>viri</span> <span class='ocrx_word' id='word_1_146' title='bbox 2254 1085 2482 1126; x_wconf 86' lang='lat' dir='ltr'>fortissimi</span> 
     </span>
     <span class='ocr_line' id='line_1_14' title="bbox 206 1157 2405 1217; baseline -0.002 -14"><span class='ocrx_word' id='word_1_147' title='bbox 206 1163 367 1213; x_wconf 80' lang='lat' dir='ltr'>similis,</span> <span class='ocrx_word' id='word_1_148' title='bbox 398 1164 472 1217; x_wconf 86' lang='lat' dir='ltr'>qui</span> <span class='ocrx_word' id='word_1_149' title='bbox 502 1165 718 1217; x_wconf 86' lang='lat' dir='ltr'>quondam</span> <span class='ocrx_word' id='word_1_150' title='bbox 747 1180 800 1206; x_wconf 87' lang='grc'>116</span> <span class='ocrx_word' id='word_1_151' title='bbox 830 1172 967 1204; x_wconf 85' lang='lat' dir='ltr'>morte</span> <span class='ocrx_word' id='word_1_152' title='bbox 998 1161 1169 1216; x_wconf 88' lang='lat' dir='ltr'>quidem</span> <span class='ocrx_word' id='word_1_153' title='bbox 1199 1161 1449 1202; x_wconf 88' lang='lat' dir='ltr'>occumbere</span> <span class='ocrx_word' id='word_1_154' title='bbox 1480 1159 1707 1209; x_wconf 86' lang='lat' dir='ltr'>dubitavit,</span> <span class='ocrx_word' id='word_1_155' title='bbox 1738 1161 1787 1199; x_wconf 91' lang='lat' dir='ltr'>ut</span> <span class='ocrx_word' id='word_1_156' title='bbox 1817 1159 1954 1212; x_wconf 88' lang='lat' dir='ltr'>patris</span> <span class='ocrx_word' id='word_1_157' title='bbox 1985 1159 2119 1199; x_wconf 85' lang='lat' dir='ltr'>vitam</span> <span class='ocrx_word' id='word_1_158' title='bbox 2150 1157 2405 1199; x_wconf 86' lang='lat' dir='ltr'>defenderet.</span> 
     </span>
    </p>

    <p class='ocr_par' dir='ltr' id='par_1_4' title="bbox 205 1229 2488 2016">
     <span class='ocr_line' id='line_1_15' title="bbox 428 1229 2486 1291; baseline -0.003 -15"><span class='ocrx_word' id='word_1_159' title='bbox 428 1235 480 1276; x_wconf 91' lang='lat' dir='ltr'>V.</span> <span class='ocrx_word' id='word_1_160' title='bbox 510 1239 563 1277; x_wconf 87' lang='grc'>40</span> <span class='ocrx_word' id='word_1_161' title='bbox 606 1237 786 1291; x_wconf 88' lang='lat' dir='ltr'>denique</span> <span class='ocrx_word' id='word_1_162' title='bbox 827 1251 972 1279; x_wconf 88' lang='lat' dir='ltr'>omnes</span> <span class='ocrx_word' id='word_1_163' title='bbox 1013 1234 1289 1276; x_wconf 85' lang='lat' dir='ltr'>difficultates</span> <span class='ocrx_word' id='word_1_164' title='bbox 1327 1232 1560 1281; x_wconf 86' lang='lat' dir='ltr'>tolluntur,</span> <span class='ocrx_word' id='word_1_165' title='bbox 1604 1231 1639 1272; x_wconf 91' lang='grc'>31</span> <span class='ocrx_word' id='word_1_166' title='bbox 1669 1232 1855 1285; x_wconf 88' lang='lat' dir='ltr'>primum</span> <span class='ocrx_word' id='word_1_167' title='bbox 1894 1231 1937 1271; x_wconf 91' lang='lat' dir='ltr'>id</span> <span class='ocrx_word' id='word_1_168' title='bbox 1965 1234 2182 1279; x_wconf 89' lang='lat' dir='ltr'>tenemus,</span> <span class='ocrx_word' id='word_1_169' title='bbox 2229 1229 2486 1282; x_wconf 68' lang='grc' dir='ltr'><strong><em>ὁπλοτέρους</em></strong></span> 
     </span>
     <span class='ocr_line' id='line_1_16' title="bbox 206 1303 2484 1363; baseline -0.002 -15"><span class='ocrx_word' id='word_1_170' title='bbox 206 1322 276 1348; x_wconf 92' lang='grc'>603</span> <span class='ocrx_word' id='word_1_171' title='bbox 313 1308 539 1362; x_wconf 86' lang='lat' dir='ltr'>appellari,</span> <span class='ocrx_word' id='word_1_172' title='bbox 584 1311 657 1363; x_wconf 90' lang='lat' dir='ltr'>qui</span> <span class='ocrx_word' id='word_1_173' title='bbox 695 1311 748 1351; x_wconf 88' lang='lat' dir='ltr'>ob</span> <span class='ocrx_word' id='word_1_174' title='bbox 787 1309 961 1350; x_wconf 88' lang='lat' dir='ltr'>virtutis</span> <span class='ocrx_word' id='word_1_175' title='bbox 1001 1313 1043 1348; x_wconf 88' lang='lat' dir='ltr'>et</span> <span class='ocrx_word' id='word_1_176' title='bbox 1082 1306 1246 1348; x_wconf 88' lang='lat' dir='ltr'>roboris</span> <span class='ocrx_word' id='word_1_177' title='bbox 1285 1305 1371 1346; x_wconf 92' lang='lat' dir='ltr'>vim</span> <span class='ocrx_word' id='word_1_178' title='bbox 1411 1308 1540 1358; x_wconf 83' lang='lat' dir='ltr'>atque</span> <span class='ocrx_word' id='word_1_179' title='bbox 1576 1304 1724 1345; x_wconf 88' lang='lat' dir='ltr'>florem</span> <span class='ocrx_word' id='word_1_180' title='bbox 1759 1318 1915 1358; x_wconf 87' lang='lat' dir='ltr'>magna</span> <span class='ocrx_word' id='word_1_181' title='bbox 1959 1306 2001 1344; x_wconf 90' lang='lat' dir='ltr'>et</span> <span class='ocrx_word' id='word_1_182' title='bbox 2040 1303 2171 1344; x_wconf 79' lang='lat' dir='ltr'>fortia</span> <span class='ocrx_word' id='word_1_183' title='bbox 2208 1303 2322 1345; x_wconf 82' lang='lat' dir='ltr'>facta</span> <span class='ocrx_word' id='word_1_184' title='bbox 2363 1303 2484 1344; x_wconf 88' lang='lat' dir='ltr'>edere</span> 
     </span>
     <span class='ocr_line' id='line_1_17' title="bbox 206 1376 2486 1436; baseline -0.001 -16"><span class='ocrx_word' id='word_1_185' title='bbox 206 1384 410 1434; x_wconf 86' lang='lat' dir='ltr'>possunt;</span> <span class='ocrx_word' id='word_1_186' title='bbox 442 1381 591 1423; x_wconf 88' lang='lat' dir='ltr'>deinde</span> <span class='ocrx_word' id='word_1_187' title='bbox 622 1383 860 1436; x_wconf 84' lang='lat' dir='ltr'>genitivum</span> <span class='ocrx_word' id='word_1_188' title='bbox 890 1384 975 1423; x_wconf 80' lang='grc' dir='ltr'>τῶν</span> <span class='ocrx_word' id='word_1_189' title='bbox 1007 1380 1141 1422; x_wconf 71' lang='grc' dir='ltr'><em>πάλαι</em></span> <span class='ocrx_word' id='word_1_190' title='bbox 1171 1377 1426 1432; x_wconf 85' lang='lat' dir='ltr'>respondere</span> <span class='ocrx_word' id='word_1_191' title='bbox 1458 1377 1648 1430; x_wconf 84' lang='lat' dir='ltr'>genitivo</span> <span class='ocrx_word' id='word_1_192' title='bbox 1679 1380 1764 1418; x_wconf 79' lang='grc' dir='ltr'>τῶν</span> <span class='ocrx_word' id='word_1_193' title='bbox 1798 1380 1891 1428; x_wconf 69' lang='grc' dir='ltr'><strong><em>ι’ῦνς</em></strong></span> <span class='ocrx_word' id='word_1_194' title='bbox 1931 1376 2112 1430; x_wconf 83' lang='grc'>(16111(1116</span> <span class='ocrx_word' id='word_1_195' title='bbox 2143 1376 2336 1417; x_wconf 89' lang='lat' dir='ltr'>dativum</span> <span class='ocrx_word' id='word_1_196' title='bbox 2365 1378 2486 1433; x_wconf 73' lang='grc' dir='ltr'><em>γενεᾷ</em></span> 
     </span>
     <span class='ocr_line' id='line_1_18' title="bbox 206 1447 2485 1507; baseline -0.002 -14"><span class='ocrx_word' id='word_1_197' title='bbox 206 1452 417 1494; x_wconf 82' lang='lat' dir='ltr'>homerico</span> <span class='ocrx_word' id='word_1_198' title='bbox 448 1468 528 1494; x_wconf 89' lang='lat' dir='ltr'>usu</span> <span class='ocrx_word' id='word_1_199' title='bbox 561 1454 633 1507; x_wconf 78' lang='lat' dir='ltr'>(Jl.</span> <span class='ocrx_word' id='word_1_200' title='bbox 660 1459 695 1505; x_wconf 76' lang='lat'>2,</span> <span class='ocrx_word' id='word_1_201' title='bbox 729 1458 819 1495; x_wconf 79' lang='lat'>707.</span> <span class='ocrx_word' id='word_1_202' title='bbox 842 1457 878 1504; x_wconf 79' lang='lat'>9,</span> <span class='ocrx_word' id='word_1_203' title='bbox 913 1452 986 1505; x_wconf 81' lang='lat'>58)</span> <span class='ocrx_word' id='word_1_204' title='bbox 1017 1467 1114 1494; x_wconf 89' lang='lat' dir='ltr'>cum</span> <span class='ocrx_word' id='word_1_205' title='bbox 1145 1449 1392 1503; x_wconf 76' lang='grc' dir='ltr'><em>ὄπλοτέροις</em></span> <span class='ocrx_word' id='word_1_206' title='bbox 1421 1449 1771 1503; x_wconf 85' lang='lat' dir='ltr'>conjungendum</span> <span class='ocrx_word' id='word_1_207' title='bbox 1801 1464 1904 1490; x_wconf 87' lang='lat' dir='ltr'>esse.</span> <span class='ocrx_word' id='word_1_208' title='bbox 1959 1447 2225 1500; x_wconf 66' lang='grc' dir='ltr'><em>Ὁπλοτὲροις</em></span> <span class='ocrx_word' id='word_1_209' title='bbox 2255 1463 2354 1490; x_wconf 88' lang='lat' dir='ltr'>vero</span> <span class='ocrx_word' id='word_1_210' title='bbox 2384 1462 2485 1499; x_wconf 81' lang='grc'>11011,</span> 
     </span>
     <span class='ocr_line' id='line_1_19' title="bbox 207 1519 2487 1578; baseline -0.003 -12"><span class='ocrx_word' id='word_1_211' title='bbox 207 1529 255 1566; x_wconf 92' lang='lat' dir='ltr'>ut</span> <span class='ocrx_word' id='word_1_212' title='bbox 272 1525 566 1568; x_wconf 89' lang='lat' dir='ltr'>Heimsoethio</span> <span class='ocrx_word' id='word_1_213' title='bbox 596 1527 776 1578; x_wconf 85' lang='lat' dir='ltr'>videtur,</span> <span class='ocrx_word' id='word_1_214' title='bbox 808 1528 860 1568; x_wconf 87' lang='lat' dir='ltr'>ab</span> <span class='ocrx_word' id='word_1_215' title='bbox 891 1541 928 1567; x_wconf 84' lang='lat' dir='ltr'>v.</span> <span class='ocrx_word' id='word_1_216' title='bbox 960 1525 1121 1572; x_wconf 69' lang='grc' dir='ltr'><em>ὕπατος</em></span> <span class='ocrx_word' id='word_1_217' title='bbox 1150 1523 1321 1578; x_wconf 79' lang='lat' dir='ltr'>pendet,</span> <span class='ocrx_word' id='word_1_218' title='bbox 1353 1523 1425 1564; x_wconf 91' lang='lat' dir='ltr'>sed</span> <span class='ocrx_word' id='word_1_219' title='bbox 1456 1522 1725 1563; x_wconf 76' lang='lat' dir='ltr'>referendum</span> <span class='ocrx_word' id='word_1_220' title='bbox 1755 1525 1821 1563; x_wconf 90' lang='lat' dir='ltr'>est</span> <span class='ocrx_word' id='word_1_221' title='bbox 1844 1522 1903 1567; x_wconf 60' lang='lat' dir='ltr'>„ad</span> <span class='ocrx_word' id='word_1_222' title='bbox 1935 1520 2136 1578; x_wconf 72' lang='grc' dir='ltr'>ἐδόκησεν</span> <span class='ocrx_word' id='word_1_223' title='bbox 2155 1522 2230 1571; x_wconf 89' lang='lat' dir='ltr'>ita,</span> <span class='ocrx_word' id='word_1_224' title='bbox 2261 1525 2310 1561; x_wconf 91' lang='lat' dir='ltr'>ut</span> <span class='ocrx_word' id='word_1_225' title='bbox 2339 1520 2381 1569; x_wconf 87' lang='grc'>11,</span> <span class='ocrx_word' id='word_1_226' title='bbox 2414 1519 2487 1573; x_wconf 86' lang='grc'>(1111</span> 
     </span>
     <span class='ocr_line' id='line_1_20' title="bbox 207 1592 2487 1653; baseline -0.003 -14"><span class='ocrx_word' id='word_1_227' title='bbox 207 1614 303 1640; x_wconf 91' lang='lat' dir='ltr'>cum</span> <span class='ocrx_word' id='word_1_228' title='bbox 335 1600 566 1642; x_wconf 82' lang='lat' dir='ltr'>Antilocho</span> <span class='ocrx_word' id='word_1_229' title='bbox 605 1602 929 1653; x_wconf 84' lang='lat' dir='ltr'>comparantur,</span> <span class='ocrx_word' id='word_1_230' title='bbox 971 1598 1053 1652; x_wconf 87' lang='lat' dir='ltr'>ipsi</span> <span class='ocrx_word' id='word_1_231' title='bbox 1091 1597 1140 1638; x_wconf 89' lang='lat' dir='ltr'>de</span> <span class='ocrx_word' id='word_1_232' title='bbox 1172 1597 1333 1637; x_wconf 89' lang='lat' dir='ltr'>virtute</span> <span class='ocrx_word' id='word_1_233' title='bbox 1372 1596 1464 1649; x_wconf 87' lang='lat' dir='ltr'>ejus</span> <span class='ocrx_word' id='word_1_234' title='bbox 1496 1595 1756 1636; x_wconf 80' lang='lat' dir='ltr'>sententiam</span> <span class='ocrx_word' id='word_1_235' title='bbox 1795 1595 1950 1636; x_wconf 87' lang='lat' dir='ltr'>dicant.</span> <span class='ocrx_word' id='word_1_236' title='bbox 2008 1594 2076 1635; x_wconf 91' lang='lat' dir='ltr'>Ab</span> <span class='ocrx_word' id='word_1_237' title='bbox 2107 1609 2145 1635; x_wconf 90' lang='lat' dir='ltr'>v.</span> <span class='ocrx_word' id='word_1_238' title='bbox 2176 1593 2336 1640; x_wconf 69' lang='grc' dir='ltr'><em>ὕπατος</em></span> <span class='ocrx_word' id='word_1_239' title='bbox 2365 1592 2487 1647; x_wconf 87' lang='lat' dir='ltr'>geni-</span> 
     </span>
     <span class='ocr_line' id='line_1_21' title="bbox 206 1667 2485 1726; baseline -0.003 -13"><span class='ocrx_word' id='word_1_240' title='bbox 206 1672 320 1713; x_wconf 88' lang='lat' dir='ltr'>tivus</span> <span class='ocrx_word' id='word_1_241' title='bbox 352 1677 436 1714; x_wconf 80' lang='grc' dir='ltr'>τῶν</span> <span class='ocrx_word' id='word_1_242' title='bbox 465 1672 597 1714; x_wconf 79' lang='grc' dir='ltr'><em>πάλαι</em></span> <span class='ocrx_word' id='word_1_243' title='bbox 627 1673 803 1726; x_wconf 89' lang='lat' dir='ltr'>pendet,</span> <span class='ocrx_word' id='word_1_244' title='bbox 846 1675 893 1712; x_wconf 86' lang='lat' dir='ltr'>ut</span> <span class='ocrx_word' id='word_1_245' title='bbox 924 1674 1008 1712; x_wconf 78' lang='grc' dir='ltr'>τῶν</span> <span class='ocrx_word' id='word_1_246' title='bbox 1042 1673 1114 1712; x_wconf 79' lang='grc' dir='ltr'>νῦν</span> <span class='ocrx_word' id='word_1_247' title='bbox 1144 1685 1168 1711; x_wconf 87' lang='grc'>6</span> <span class='ocrx_word' id='word_1_248' title='bbox 1198 1684 1236 1710; x_wconf 89' lang='lat' dir='ltr'>v.</span> <span class='ocrx_word' id='word_1_249' title='bbox 1267 1668 1475 1721; x_wconf 63' lang='grc' dir='ltr'>μάλιστας</span> <span class='ocrx_word' id='word_1_250' title='bbox 1507 1667 1739 1717; x_wconf 81' lang='lat' dir='ltr'>„Veterum</span> <span class='ocrx_word' id='word_1_251' title='bbox 1771 1668 1934 1721; x_wconf 88' lang='lat' dir='ltr'>primus</span> <span class='ocrx_word' id='word_1_252' title='bbox 1964 1667 2125 1720; x_wconf 89' lang='lat' dir='ltr'>pietate</span> <span class='ocrx_word' id='word_1_253' title='bbox 2155 1680 2256 1720; x_wconf 87' lang='lat' dir='ltr'>erga</span> <span class='ocrx_word' id='word_1_254' title='bbox 2286 1670 2485 1719; x_wconf 84' lang='lat' dir='ltr'>parentes</span> 
     </span>
     <span class='ocr_line' id='line_1_22' title="bbox 207 1737 2486 1797; baseline -0.004 -12"><span class='ocrx_word' id='word_1_255' title='bbox 207 1745 431 1786; x_wconf 85' lang='lat' dir='ltr'>videbatur</span> <span class='ocrx_word' id='word_1_256' title='bbox 452 1745 707 1786; x_wconf 83' lang='lat' dir='ltr'>Antilochus</span> <span class='ocrx_word' id='word_1_257' title='bbox 738 1759 829 1785; x_wconf 89' lang='lat' dir='ltr'>esse</span> <span class='ocrx_word' id='word_1_258' title='bbox 859 1744 925 1794; x_wconf 88' lang='lat' dir='ltr'>iis,</span> <span class='ocrx_word' id='word_1_259' title='bbox 956 1743 1030 1797; x_wconf 91' lang='lat' dir='ltr'>qui</span> <span class='ocrx_word' id='word_1_260' title='bbox 1060 1745 1201 1783; x_wconf 84' lang='lat' dir='ltr'>aetate</span> <span class='ocrx_word' id='word_1_261' title='bbox 1232 1741 1463 1790; x_wconf 81' lang='lat' dir='ltr'>florebant3</span> <span class='ocrx_word' id='word_1_262' title='bbox 1494 1740 1779 1781; x_wconf 85' lang='lat' dir='ltr'>recentiorum</span> <span class='ocrx_word' id='word_1_263' title='bbox 1810 1740 1991 1782; x_wconf 81' lang='lat' dir='ltr'>maxime</span> <span class='ocrx_word' id='word_1_264' title='bbox 2023 1739 2318 1792; x_wconf 81' lang='lat' dir='ltr'>Thrasybulus</span> <span class='ocrx_word' id='word_1_265' title='bbox 2349 1737 2486 1791; x_wconf 88' lang='lat' dir='ltr'>patris</span> 
     </span>
     <span class='ocr_line' id='line_1_23' title="bbox 206 1811 2487 1871; baseline -0.003 -13"><span class='ocrx_word' id='word_1_266' title='bbox 206 1817 344 1871; x_wconf 89' lang='lat' dir='ltr'>legem</span> <span class='ocrx_word' id='word_1_267' title='bbox 389 1818 590 1859; x_wconf 84' lang='lat' dir='ltr'>observat</span> <span class='ocrx_word' id='word_1_268' title='bbox 637 1824 678 1858; x_wconf 90' lang='lat' dir='ltr'>et</span> <span class='ocrx_word' id='word_1_269' title='bbox 725 1817 869 1871; x_wconf 89' lang='lat' dir='ltr'>patrui</span> <span class='ocrx_word' id='word_1_270' title='bbox 915 1816 1154 1869; x_wconf 81' lang='lat' dir='ltr'>exemplum</span> <span class='ocrx_word' id='word_1_271' title='bbox 1204 1814 1436 1868; x_wconf 82' lang='lat' dir='ltr'>sequitur.“</span> <span class='ocrx_word' id='word_1_272' title='bbox 1496 1812 1579 1854; x_wconf 89' lang='lat' dir='ltr'>Cur</span> <span class='ocrx_word' id='word_1_273' title='bbox 1614 1816 1758 1854; x_wconf 87' lang='lat' dir='ltr'>autem</span> <span class='ocrx_word' id='word_1_274' title='bbox 1799 1813 1962 1866; x_wconf 86' lang='lat' dir='ltr'>judices</span> <span class='ocrx_word' id='word_1_275' title='bbox 2008 1814 2110 1853; x_wconf 88' lang='lat' dir='ltr'>sunt</span> <span class='ocrx_word' id='word_1_276' title='bbox 2141 1812 2187 1861; x_wconf 84' lang='lat' dir='ltr'>ii,</span> <span class='ocrx_word' id='word_1_277' title='bbox 2233 1811 2307 1865; x_wconf 90' lang='lat' dir='ltr'>qui</span> <span class='ocrx_word' id='word_1_278' title='bbox 2346 1812 2487 1852; x_wconf 87' lang='lat' dir='ltr'>aetate</span> 
     </span>
     <span class='ocr_line' id='line_1_24' title="bbox 206 1883 2488 1939; baseline -0.004 -8"><span class='ocrx_word' id='word_1_279' title='bbox 206 1889 393 1931; x_wconf 78' lang='lat' dir='ltr'>florent?</span> <span class='ocrx_word' id='word_1_280' title='bbox 452 1889 678 1939; x_wconf 86' lang='lat' dir='ltr'>Nimirum,</span> <span class='ocrx_word' id='word_1_281' title='bbox 710 1893 759 1931; x_wconf 92' lang='lat' dir='ltr'>ut</span> <span class='ocrx_word' id='word_1_282' title='bbox 789 1890 881 1930; x_wconf 88' lang='lat' dir='ltr'>laus</span> <span class='ocrx_word' id='word_1_283' title='bbox 912 1888 1132 1930; x_wconf 81' lang='lat' dir='ltr'>Antilochi</span> <span class='ocrx_word' id='word_1_284' title='bbox 1163 1887 1417 1936; x_wconf 87' lang='lat' dir='ltr'>cumuletur,</span> <span class='ocrx_word' id='word_1_285' title='bbox 1449 1885 1515 1927; x_wconf 87' lang='lat' dir='ltr'>cui</span> <span class='ocrx_word' id='word_1_286' title='bbox 1546 1885 1611 1926; x_wconf 82' lang='lat' dir='ltr'>vel</span> <span class='ocrx_word' id='word_1_287' title='bbox 1638 1885 1835 1939; x_wconf 87' lang='lat' dir='ltr'>aequales</span> <span class='ocrx_word' id='word_1_288' title='bbox 1862 1888 1905 1927; x_wconf 91' lang='lat' dir='ltr'>et</span> <span class='ocrx_word' id='word_1_289' title='bbox 1926 1885 2080 1926; x_wconf 88' lang='lat' dir='ltr'>aemuli</span> <span class='ocrx_word' id='word_1_290' title='bbox 2102 1884 2276 1925; x_wconf 86' lang='lat' dir='ltr'>virtutis</span> <span class='ocrx_word' id='word_1_291' title='bbox 2302 1883 2488 1937; x_wconf 88' lang='lat' dir='ltr'>palmam</span> 
     </span>
     <span class='ocr_line' id='line_1_25' title="bbox 205 1963 649 2016; baseline -0.002 -13"><span class='ocrx_word' id='word_1_292' title='bbox 205 1963 394 2004; x_wconf 88' lang='lat' dir='ltr'>tribuere</span> <span class='ocrx_word' id='word_1_293' title='bbox 426 1966 649 2016; x_wconf 83' lang='lat' dir='ltr'>cogantur.</span> 
     </span>
    </p>

    <p class='ocr_par' dir='ltr' id='par_1_5' title="bbox 205 2028 2492 3104">
     <span class='ocr_line' id='line_1_26' title="bbox 431 2028 2488 2088; baseline -0.004 -12"><span class='ocrx_word' id='word_1_294' title='bbox 431 2034 529 2076; x_wconf 84' lang='lat' dir='ltr'>Jam</span> <span class='ocrx_word' id='word_1_295' title='bbox 571 2035 751 2088; x_wconf 85' lang='lat' dir='ltr'>singulis</span> <span class='ocrx_word' id='word_1_296' title='bbox 791 2035 896 2076; x_wconf 88' lang='lat' dir='ltr'>locis</span> <span class='ocrx_word' id='word_1_297' title='bbox 936 2033 1247 2075; x_wconf 85' lang='lat' dir='ltr'>difficilioribus</span> <span class='ocrx_word' id='word_1_298' title='bbox 1289 2031 1566 2086; x_wconf 80' lang='lat' dir='ltr'>pertractatis</span> <span class='ocrx_word' id='word_1_299' title='bbox 1612 2030 1664 2071; x_wconf 89' lang='lat' dir='ltr'>ad</span> <span class='ocrx_word' id='word_1_300' title='bbox 1700 2030 1985 2072; x_wconf 81' lang='lat' dir='ltr'>Schniidtium</span> <span class='ocrx_word' id='word_1_301' title='bbox 2025 2034 2316 2079; x_wconf 87' lang='lat' dir='ltr'>transeamus,</span> <span class='ocrx_word' id='word_1_302' title='bbox 2360 2028 2488 2081; x_wconf 84' lang='lat' dir='ltr'>longe</span> 
     </span>
     <span class='ocr_line' id='line_1_27' title="bbox 209 2102 2487 2161; baseline -0.003 -12"><span class='ocrx_word' id='word_1_303' title='bbox 209 2108 333 2149; x_wconf 87' lang='lat' dir='ltr'>aliter</span> <span class='ocrx_word' id='word_1_304' title='bbox 364 2107 414 2149; x_wconf 84' lang='grc'>(16</span> <span class='ocrx_word' id='word_1_305' title='bbox 444 2108 523 2149; x_wconf 82' lang='grc'>1106</span> <span class='ocrx_word' id='word_1_306' title='bbox 544 2107 703 2161; x_wconf 82' lang='lat' dir='ltr'>hymno</span> <span class='ocrx_word' id='word_1_307' title='bbox 730 2107 993 2161; x_wconf 85' lang='lat' dir='ltr'>judicantem</span> <span class='ocrx_word' id='word_1_308' title='bbox 1016 2111 1144 2160; x_wconf 89' lang='lat' dir='ltr'>atque</span> <span class='ocrx_word' id='word_1_309' title='bbox 1166 2104 1571 2154; x_wconf 77' lang='lat' dir='ltr'>RauchensteiniUS,</span> <span class='ocrx_word' id='word_1_310' title='bbox 1603 2104 1676 2156; x_wconf 88' lang='lat' dir='ltr'>qui</span> <span class='ocrx_word' id='word_1_311' title='bbox 1701 2119 1871 2145; x_wconf 89' lang='lat' dir='ltr'>carmen</span> <span class='ocrx_word' id='word_1_312' title='bbox 1894 2102 2193 2144; x_wconf 86' lang='lat' dir='ltr'>suavissimum</span> <span class='ocrx_word' id='word_1_313' title='bbox 2215 2116 2305 2143; x_wconf 88' lang='lat' dir='ltr'>esse</span> <span class='ocrx_word' id='word_1_314' title='bbox 2328 2103 2487 2150; x_wconf 88' lang='lat' dir='ltr'>censet,</span> 
     </span>
     <span class='ocr_line' id='line_1_28' title="bbox 205 2173 2489 2234; baseline -0.003 -13"><span class='ocrx_word' id='word_1_315' title='bbox 205 2184 280 2222; x_wconf 91' lang='lat' dir='ltr'>aut</span> <span class='ocrx_word' id='word_1_316' title='bbox 315 2180 654 2230; x_wconf 87' lang='lat' dir='ltr'>Heimsoethius,</span> <span class='ocrx_word' id='word_1_317' title='bbox 695 2181 769 2234; x_wconf 90' lang='lat' dir='ltr'>qui</span> <span class='ocrx_word' id='word_1_318' title='bbox 808 2195 924 2230; x_wconf 90' lang='lat' dir='ltr'>„non</span> <span class='ocrx_word' id='word_1_319' title='bbox 963 2179 1158 2220; x_wconf 84' lang='lat' dir='ltr'>meminit</span> <span class='ocrx_word' id='word_1_320' title='bbox 1197 2178 1361 2220; x_wconf 87' lang='lat' dir='ltr'>dulcius</span> <span class='ocrx_word' id='word_1_321' title='bbox 1401 2190 1572 2218; x_wconf 88' lang='lat' dir='ltr'>carmen</span> <span class='ocrx_word' id='word_1_322' title='bbox 1607 2176 1783 2229; x_wconf 85' lang='lat' dir='ltr'>legisse,</span> <span class='ocrx_word' id='word_1_323' title='bbox 1822 2176 2050 2217; x_wconf 81' lang='lat' dir='ltr'>nisiinter</span> <span class='ocrx_word' id='word_1_324' title='bbox 2079 2175 2345 2216; x_wconf 82' lang='lat' dir='ltr'>Pindarica.“</span> <span class='ocrx_word' id='word_1_325' title='bbox 2406 2173 2489 2222; x_wconf 85' lang='lat' dir='ltr'>Qui</span> 
     </span>
     <span class='ocr_line' id='line_1_29' title="bbox 207 2247 2489 2306; baseline -0.003 -12"><span class='ocrx_word' id='word_1_326' title='bbox 207 2253 311 2295; x_wconf 88' lang='grc'>11666</span> <span class='ocrx_word' id='word_1_327' title='bbox 341 2256 384 2294; x_wconf 89' lang='lat' dir='ltr'>et</span> <span class='ocrx_word' id='word_1_328' title='bbox 414 2252 567 2293; x_wconf 87' lang='lat' dir='ltr'>similia</span> <span class='ocrx_word' id='word_1_329' title='bbox 597 2253 776 2294; x_wconf 89' lang='lat' dir='ltr'>aliorum</span> <span class='ocrx_word' id='word_1_330' title='bbox 802 2252 960 2306; x_wconf 88' lang='lat' dir='ltr'>judicia</span> <span class='ocrx_word' id='word_1_331' title='bbox 988 2251 1155 2304; x_wconf 80' lang='lat' dir='ltr'>legerit,</span> <span class='ocrx_word' id='word_1_332' title='bbox 1188 2265 1274 2291; x_wconf 88' lang='lat' dir='ltr'>non</span> <span class='ocrx_word' id='word_1_333' title='bbox 1306 2249 1466 2304; x_wconf 86' lang='lat' dir='ltr'>poterit</span> <span class='ocrx_word' id='word_1_334' title='bbox 1496 2264 1582 2290; x_wconf 87' lang='lat' dir='ltr'>non</span> <span class='ocrx_word' id='word_1_335' title='bbox 1613 2249 1760 2290; x_wconf 88' lang='lat' dir='ltr'>mirari</span> <span class='ocrx_word' id='word_1_336' title='bbox 1789 2264 1850 2300; x_wconf 88' lang='grc'>66,</span> <span class='ocrx_word' id='word_1_337' title='bbox 1880 2264 1988 2302; x_wconf 85' lang='grc'>(11166</span> <span class='ocrx_word' id='word_1_338' title='bbox 2020 2248 2282 2290; x_wconf 81' lang='lat' dir='ltr'>Schmidtius</span> <span class='ocrx_word' id='word_1_339' title='bbox 2313 2247 2489 2301; x_wconf 88' lang='lat' dir='ltr'>profert.</span> 
     </span>
     <span class='ocr_line' id='line_1_30' title="bbox 210 2319 2488 2379; baseline -0.003 -13"><span class='ocrx_word' id='word_1_340' title='bbox 210 2325 366 2366; x_wconf 87' lang='lat' dir='ltr'>Censet</span> <span class='ocrx_word' id='word_1_341' title='bbox 390 2325 516 2374; x_wconf 88' lang='lat' dir='ltr'>enim,</span> <span class='ocrx_word' id='word_1_342' title='bbox 548 2325 584 2366; x_wconf 89' lang='lat' dir='ltr'>si</span> <span class='ocrx_word' id='word_1_343' title='bbox 605 2329 776 2379; x_wconf 87' lang='lat' dir='ltr'>poetam</span> <span class='ocrx_word' id='word_1_344' title='bbox 796 2324 1197 2366; x_wconf 87' lang='lat' dir='ltr'>duodetricesimum</span> <span class='ocrx_word' id='word_1_345' title='bbox 1218 2323 1373 2364; x_wconf 87' lang='lat' dir='ltr'>aetatis</span> <span class='ocrx_word' id='word_1_346' title='bbox 1397 2337 1559 2363; x_wconf 88' lang='lat' dir='ltr'>annum</span> <span class='ocrx_word' id='word_1_347' title='bbox 1581 2324 1781 2375; x_wconf 89' lang='lat' dir='ltr'>agentem</span> <span class='ocrx_word' id='word_1_348' title='bbox 1811 2337 1907 2363; x_wconf 90' lang='lat' dir='ltr'>cum</span> <span class='ocrx_word' id='word_1_349' title='bbox 1928 2322 2140 2363; x_wconf 87' lang='lat' dir='ltr'>vicenario</span> <span class='ocrx_word' id='word_1_350' title='bbox 2163 2319 2488 2374; x_wconf 77' lang='lat' dir='ltr'>comparaveris,</span> 
     </span>
     <span class='ocr_line' id='line_1_31' title="bbox 210 2392 2489 2451; baseline -0.002 -13"><span class='ocrx_word' id='word_1_351' title='bbox 210 2399 372 2451; x_wconf 83' lang='lat' dir='ltr'>aliquot</span> <span class='ocrx_word' id='word_1_352' title='bbox 409 2397 579 2451; x_wconf 88' lang='lat' dir='ltr'>quidem</span> <span class='ocrx_word' id='word_1_353' title='bbox 624 2398 729 2438; x_wconf 86' lang='lat' dir='ltr'>artis</span> <span class='ocrx_word' id='word_1_354' title='bbox 769 2398 1034 2439; x_wconf 84' lang='lat' dir='ltr'>incrementa</span> <span class='ocrx_word' id='word_1_355' title='bbox 1082 2396 1226 2449; x_wconf 83' lang='lat' dir='ltr'>detegi</span> <span class='ocrx_word' id='word_1_356' title='bbox 1276 2409 1422 2449; x_wconf 87' lang='lat' dir='ltr'>posse,</span> <span class='ocrx_word' id='word_1_357' title='bbox 1476 2394 1696 2448; x_wconf 87' lang='lat' dir='ltr'>complura</span> <span class='ocrx_word' id='word_1_358' title='bbox 1728 2397 1874 2435; x_wconf 87' lang='lat' dir='ltr'>tamen</span> <span class='ocrx_word' id='word_1_359' title='bbox 1909 2393 2153 2447; x_wconf 86' lang='lat' dir='ltr'>juventutis</span> <span class='ocrx_word' id='word_1_360' title='bbox 2202 2392 2386 2446; x_wconf 86' lang='lat' dir='ltr'>vestigia</span> <span class='ocrx_word' id='word_1_361' title='bbox 2422 2406 2489 2433; x_wconf 87' lang='lat' dir='ltr'>re-</span> 
     </span>
     <span class='ocr_line' id='line_1_32' title="bbox 210 2464 2491 2524; baseline -0.003 -13"><span class='ocrx_word' id='word_1_362' title='bbox 210 2471 428 2511; x_wconf 88' lang='lat' dir='ltr'>mansisse.</span> <span class='ocrx_word' id='word_1_363' title='bbox 486 2469 630 2524; x_wconf 86' lang='lat' dir='ltr'>Atque</span> <span class='ocrx_word' id='word_1_364' title='bbox 659 2469 701 2510; x_wconf 87' lang='lat' dir='ltr'>id</span> <span class='ocrx_word' id='word_1_365' title='bbox 731 2469 901 2523; x_wconf 87' lang='lat' dir='ltr'>quidem</span> <span class='ocrx_word' id='word_1_366' title='bbox 922 2471 1093 2522; x_wconf 89' lang='lat' dir='ltr'>poetam</span> <span class='ocrx_word' id='word_1_367' title='bbox 1113 2468 1264 2509; x_wconf 87' lang='lat' dir='ltr'>melius</span> <span class='ocrx_word' id='word_1_368' title='bbox 1292 2482 1420 2521; x_wconf 90' lang='lat' dir='ltr'>quam</span> <span class='ocrx_word' id='word_1_369' title='bbox 1448 2468 1493 2508; x_wconf 91' lang='lat' dir='ltr'>in</span> <span class='ocrx_word' id='word_1_370' title='bbox 1515 2467 1656 2520; x_wconf 89' lang='lat' dir='ltr'>priore</span> <span class='ocrx_word' id='word_1_371' title='bbox 1685 2467 1872 2508; x_wconf 89' lang='lat' dir='ltr'>carmine</span> <span class='ocrx_word' id='word_1_372' title='bbox 1901 2467 2158 2517; x_wconf 84' lang='lat' dir='ltr'>instituisse,</span> <span class='ocrx_word' id='word_1_373' title='bbox 2190 2469 2238 2507; x_wconf 87' lang='lat' dir='ltr'>ut</span> <span class='ocrx_word' id='word_1_374' title='bbox 2265 2464 2491 2507; x_wconf 84' lang='lat' dir='ltr'>victoriam</span> 
     </span>
     <span class='ocr_line' id='line_1_33' title="bbox 211 2537 2489 2596; baseline -0.003 -12"><span class='ocrx_word' id='word_1_375' title='bbox 211 2558 298 2584; x_wconf 90' lang='lat' dir='ltr'>non</span> <span class='ocrx_word' id='word_1_376' title='bbox 323 2543 413 2596; x_wconf 85' lang='lat' dir='ltr'>jam</span> <span class='ocrx_word' id='word_1_377' title='bbox 444 2543 681 2596; x_wconf 87' lang='lat' dir='ltr'>generatim</span> <span class='ocrx_word' id='word_1_378' title='bbox 712 2545 838 2596; x_wconf 86' lang='lat' dir='ltr'>atque</span> <span class='ocrx_word' id='word_1_379' title='bbox 870 2541 1065 2582; x_wconf 88' lang='lat' dir='ltr'>universe</span> <span class='ocrx_word' id='word_1_380' title='bbox 1095 2540 1331 2594; x_wconf 90' lang='lat' dir='ltr'>praedicet,</span> <span class='ocrx_word' id='word_1_381' title='bbox 1373 2540 1447 2581; x_wconf 91' lang='lat' dir='ltr'>sed</span> <span class='ocrx_word' id='word_1_382' title='bbox 1485 2540 1660 2593; x_wconf 87' lang='lat' dir='ltr'>pietatis</span> <span class='ocrx_word' id='word_1_383' title='bbox 1699 2554 1800 2593; x_wconf 86' lang='lat' dir='ltr'>erga</span> <span class='ocrx_word' id='word_1_384' title='bbox 1831 2542 1997 2593; x_wconf 89' lang='lat' dir='ltr'>patrem</span> <span class='ocrx_word' id='word_1_385' title='bbox 2037 2539 2251 2593; x_wconf 89' lang='lat' dir='ltr'>specimen</span> <span class='ocrx_word' id='word_1_386' title='bbox 2290 2541 2333 2579; x_wconf 91' lang='lat' dir='ltr'>et</span> <span class='ocrx_word' id='word_1_387' title='bbox 2361 2537 2489 2578; x_wconf 87' lang='lat' dir='ltr'>docu-</span> 
     </span>
     <span class='ocr_line' id='line_1_34' title="bbox 211 2609 2491 2668; baseline -0.004 -11"><span class='ocrx_word' id='word_1_388' title='bbox 211 2617 403 2657; x_wconf 89' lang='lat' dir='ltr'>mentum</span> <span class='ocrx_word' id='word_1_389' title='bbox 433 2629 525 2656; x_wconf 90' lang='lat' dir='ltr'>esse</span> <span class='ocrx_word' id='word_1_390' title='bbox 555 2615 724 2665; x_wconf 80' lang='lat' dir='ltr'>doceat3</span> <span class='ocrx_word' id='word_1_391' title='bbox 762 2615 807 2656; x_wconf 90' lang='lat' dir='ltr'>in</span> <span class='ocrx_word' id='word_1_392' title='bbox 838 2628 886 2655; x_wconf 91' lang='lat' dir='ltr'>eo</span> <span class='ocrx_word' id='word_1_393' title='bbox 916 2628 1114 2668; x_wconf 86' lang='lat' dir='ltr'>peccasse</span> <span class='ocrx_word' id='word_1_394' title='bbox 1144 2613 1398 2663; x_wconf 79' lang='lat' dir='ltr'>Pindarum,</span> <span class='ocrx_word' id='word_1_395' title='bbox 1438 2613 1551 2666; x_wconf 88' lang='lat' dir='ltr'>quod</span> <span class='ocrx_word' id='word_1_396' title='bbox 1581 2612 1840 2665; x_wconf 78' lang='lat' dir='ltr'>Thrasybuli</span> <span class='ocrx_word' id='word_1_397' title='bbox 1869 2613 1961 2654; x_wconf 89' lang='lat' dir='ltr'>leve</span> <span class='ocrx_word' id='word_1_398' title='bbox 1991 2616 2034 2653; x_wconf 86' lang='lat' dir='ltr'>et</span> <span class='ocrx_word' id='word_1_399' title='bbox 2066 2611 2171 2653; x_wconf 78' lang='lat' dir='ltr'>exile</span> <span class='ocrx_word' id='word_1_400' title='bbox 2208 2609 2491 2665; x_wconf 87' lang='lat' dir='ltr'>aurigationis</span> 
     </span>
     <span class='ocr_line' id='line_1_35' title="bbox 214 2683 2491 2741; baseline -0.003 -12"><span class='ocrx_word' id='word_1_401' title='bbox 214 2688 400 2729; x_wconf 82' lang='lat' dir='ltr'>officium</span> <span class='ocrx_word' id='word_1_402' title='bbox 429 2703 525 2730; x_wconf 89' lang='lat' dir='ltr'>cum</span> <span class='ocrx_word' id='word_1_403' title='bbox 555 2687 789 2729; x_wconf 86' lang='lat' dir='ltr'>fortissimo</span> <span class='ocrx_word' id='word_1_404' title='bbox 821 2690 864 2729; x_wconf 90' lang='lat' dir='ltr'>et</span> <span class='ocrx_word' id='word_1_405' title='bbox 893 2686 1132 2741; x_wconf 89' lang='lat' dir='ltr'>periculoso</span> <span class='ocrx_word' id='word_1_406' title='bbox 1152 2685 1376 2727; x_wconf 89' lang='lat' dir='ltr'>Antilochi</span> <span class='ocrx_word' id='word_1_407' title='bbox 1405 2685 1592 2727; x_wconf 87' lang='lat' dir='ltr'>facinore</span> <span class='ocrx_word' id='word_1_408' title='bbox 1614 2685 1936 2738; x_wconf 88' lang='lat' dir='ltr'>comparaverit.</span> <span class='ocrx_word' id='word_1_409' title='bbox 1995 2683 2207 2725; x_wconf 88' lang='lat' dir='ltr'>Neutrum</span> <span class='ocrx_word' id='word_1_410' title='bbox 2229 2697 2377 2724; x_wconf 90' lang='lat' dir='ltr'>verum</span> <span class='ocrx_word' id='word_1_411' title='bbox 2405 2684 2491 2731; x_wconf 81' lang='lat' dir='ltr'>est3</span> 
     </span>
     <span class='ocr_line' id='line_1_36' title="bbox 215 2754 2492 2814; baseline -0.003 -12"><span class='ocrx_word' id='word_1_412' title='bbox 215 2760 474 2802; x_wconf 82' lang='lat' dir='ltr'>Schmidtius</span> <span class='ocrx_word' id='word_1_413' title='bbox 509 2760 671 2814; x_wconf 85' lang='lat' dir='ltr'>injuste</span> <span class='ocrx_word' id='word_1_414' title='bbox 710 2759 876 2810; x_wconf 87' lang='lat' dir='ltr'>laudat,</span> <span class='ocrx_word' id='word_1_415' title='bbox 916 2760 1078 2814; x_wconf 82' lang='lat' dir='ltr'>injuste</span> <span class='ocrx_word' id='word_1_416' title='bbox 1115 2759 1344 2812; x_wconf 88' lang='lat' dir='ltr'>vituperat.</span> <span class='ocrx_word' id='word_1_417' title='bbox 1401 2758 1471 2799; x_wconf 91' lang='lat' dir='ltr'>An</span> <span class='ocrx_word' id='word_1_418' title='bbox 1509 2761 1638 2812; x_wconf 88' lang='lat' dir='ltr'>poeta</span> <span class='ocrx_word' id='word_1_419' title='bbox 1676 2772 1773 2799; x_wconf 90' lang='lat' dir='ltr'>cum</span> <span class='ocrx_word' id='word_1_420' title='bbox 1809 2758 1999 2799; x_wconf 88' lang='lat' dir='ltr'>carmina</span> <span class='ocrx_word' id='word_1_421' title='bbox 2025 2755 2087 2797; x_wconf 90' lang='lat' dir='ltr'>Ol.</span> <span class='ocrx_word' id='word_1_422' title='bbox 2118 2756 2150 2806; x_wconf 91' lang='grc' dir='ltr'>Ι,</span> <span class='ocrx_word' id='word_1_423' title='bbox 2182 2756 2262 2806; x_wconf 87' lang='grc' dir='ltr'>ΙΙΙ,</span> <span class='ocrx_word' id='word_1_424' title='bbox 2294 2754 2378 2797; x_wconf 89' lang='lat' dir='ltr'>VII</span> <span class='ocrx_word' id='word_1_425' title='bbox 2409 2754 2492 2796; x_wconf 86' lang='lat' dir='ltr'>alia</span> 
     </span>
     <span class='ocr_line' id='line_1_37' title="bbox 217 2827 2489 2888; baseline -0.002 -15"><span class='ocrx_word' id='word_1_426' title='bbox 217 2834 439 2883; x_wconf 87' lang='lat' dir='ltr'>scriberet,</span> <span class='ocrx_word' id='word_1_427' title='bbox 486 2833 536 2875; x_wconf 87' lang='lat' dir='ltr'>de</span> <span class='ocrx_word' id='word_1_428' title='bbox 567 2848 615 2874; x_wconf 93' lang='lat' dir='ltr'>eo</span> <span class='ocrx_word' id='word_1_429' title='bbox 646 2833 751 2874; x_wconf 88' lang='lat' dir='ltr'>artis</span> <span class='ocrx_word' id='word_1_430' title='bbox 783 2833 982 2888; x_wconf 84' lang='lat' dir='ltr'>fastigio,</span> <span class='ocrx_word' id='word_1_431' title='bbox 1028 2831 1142 2886; x_wconf 84' lang='lat' dir='ltr'>quod</span> <span class='ocrx_word' id='word_1_432' title='bbox 1175 2831 1264 2884; x_wconf 85' lang='lat' dir='ltr'>jam</span> <span class='ocrx_word' id='word_1_433' title='bbox 1305 2830 1576 2879; x_wconf 86' lang='lat' dir='ltr'>ascenderat,</span> <span class='ocrx_word' id='word_1_434' title='bbox 1618 2831 1775 2872; x_wconf 88' lang='lat' dir='ltr'>iterum</span> <span class='ocrx_word' id='word_1_435' title='bbox 1809 2830 2006 2884; x_wconf 87' lang='lat' dir='ltr'>delapsus</span> <span class='ocrx_word' id='word_1_436' title='bbox 2045 2832 2130 2880; x_wconf 79' lang='lat' dir='ltr'>est,</span> <span class='ocrx_word' id='word_1_437' title='bbox 2170 2843 2302 2883; x_wconf 89' lang='lat' dir='ltr'>quum</span> <span class='ocrx_word' id='word_1_438' title='bbox 2331 2828 2377 2868; x_wconf 91' lang='lat' dir='ltr'>in</span> <span class='ocrx_word' id='word_1_439' title='bbox 2405 2827 2489 2868; x_wconf 89' lang='lat' dir='ltr'>illis</span> 
     </span>
     <span class='ocr_line' id='line_1_38' title="bbox 216 2899 2489 2957; baseline -0.003 -11"><span class='ocrx_word' id='word_1_440' title='bbox 216 2906 472 2947; x_wconf 87' lang='lat' dir='ltr'>carminibus</span> <span class='ocrx_word' id='word_1_441' title='bbox 509 2906 690 2948; x_wconf 87' lang='lat' dir='ltr'>victoria</span> <span class='ocrx_word' id='word_1_442' title='bbox 724 2906 768 2946; x_wconf 90' lang='lat' dir='ltr'>in</span> <span class='ocrx_word' id='word_1_443' title='bbox 805 2906 1054 2947; x_wconf 90' lang='lat' dir='ltr'>universum</span> <span class='ocrx_word' id='word_1_444' title='bbox 1090 2904 1318 2944; x_wconf 80' lang='lat' dir='ltr'>laudetur?</span> <span class='ocrx_word' id='word_1_445' title='bbox 1376 2903 1489 2953; x_wconf 91' lang='lat' dir='ltr'>Imo,</span> <span class='ocrx_word' id='word_1_446' title='bbox 1529 2902 1789 2956; x_wconf 81' lang='lat' dir='ltr'>Thrasybuli</span> <span class='ocrx_word' id='word_1_447' title='bbox 1823 2903 2029 2957; x_wconf 89' lang='lat' dir='ltr'>pietatem</span> <span class='ocrx_word' id='word_1_448' title='bbox 2056 2902 2221 2944; x_wconf 91' lang='lat' dir='ltr'>laudari</span> <span class='ocrx_word' id='word_1_449' title='bbox 2257 2915 2345 2942; x_wconf 91' lang='lat' dir='ltr'>non</span> <span class='ocrx_word' id='word_1_450' title='bbox 2383 2899 2489 2941; x_wconf 81' lang='lat' dir='ltr'>artis</span> 
     </span>
     <span class='ocr_line' id='line_1_39' title="bbox 217 2973 2491 3031; baseline -0.002 -13"><span class='ocrx_word' id='word_1_451' title='bbox 217 2981 281 3018; x_wconf 89' lang='lat' dir='ltr'>est</span> <span class='ocrx_word' id='word_1_452' title='bbox 310 2978 499 3031; x_wconf 80' lang='lat' dir='ltr'>majoris,</span> <span class='ocrx_word' id='word_1_453' title='bbox 540 2978 613 3019; x_wconf 89' lang='lat' dir='ltr'>sed</span> <span class='ocrx_word' id='word_1_454' title='bbox 644 2979 696 3020; x_wconf 90' lang='lat' dir='ltr'>ad</span> <span class='ocrx_word' id='word_1_455' title='bbox 724 2978 900 3019; x_wconf 87' lang='lat' dir='ltr'>victoris</span> <span class='ocrx_word' id='word_1_456' title='bbox 932 2977 1221 3019; x_wconf 90' lang='lat' dir='ltr'>conditionem</span> <span class='ocrx_word' id='word_1_457' title='bbox 1261 2979 1304 3017; x_wconf 91' lang='lat' dir='ltr'>et</span> <span class='ocrx_word' id='word_1_458' title='bbox 1344 2978 1507 3017; x_wconf 86' lang='lat' dir='ltr'>statum</span> <span class='ocrx_word' id='word_1_459' title='bbox 1544 2976 1814 3016; x_wconf 86' lang='lat' dir='ltr'>referendum</span> <span class='ocrx_word' id='word_1_460' title='bbox 1852 2978 1938 3025; x_wconf 88' lang='lat' dir='ltr'>est,</span> <span class='ocrx_word' id='word_1_461' title='bbox 1977 2975 2134 3029; x_wconf 90' lang='lat' dir='ltr'>quippe</span> <span class='ocrx_word' id='word_1_462' title='bbox 2165 2974 2238 3028; x_wconf 91' lang='lat' dir='ltr'>qui</span> <span class='ocrx_word' id='word_1_463' title='bbox 2268 2973 2491 3015; x_wconf 88' lang='lat' dir='ltr'>victoriam</span> 
     </span>
     <span class='ocr_line' id='line_1_40' title="bbox 214 3046 2492 3104; baseline -0.002 -14"><span class='ocrx_word' id='word_1_464' title='bbox 214 3050 498 3103; x_wconf 82' lang='lat' dir='ltr'>reportaverit</span> <span class='ocrx_word' id='word_1_465' title='bbox 534 3050 724 3104; x_wconf 85' lang='lat' dir='ltr'>quidem,</span> <span class='ocrx_word' id='word_1_466' title='bbox 763 3050 835 3092; x_wconf 90' lang='lat' dir='ltr'>sed</span> <span class='ocrx_word' id='word_1_467' title='bbox 869 3055 1036 3103; x_wconf 87' lang='lat' dir='ltr'>patrem</span> <span class='ocrx_word' id='word_1_468' title='bbox 1066 3049 1273 3090; x_wconf 85' lang='lat' dir='ltr'>victorem</span> <span class='ocrx_word' id='word_1_469' title='bbox 1303 3048 1541 3090; x_wconf 88' lang='lat' dir='ltr'>renuntiari</span> <span class='ocrx_word' id='word_1_470' title='bbox 1567 3048 1758 3101; x_wconf 86' lang='lat' dir='ltr'>jusserit.</span> <span class='ocrx_word' id='word_1_471' title='bbox 1818 3047 1939 3096; x_wconf 81' lang='lat' dir='ltr'>Quod</span> <span class='ocrx_word' id='word_1_472' title='bbox 1968 3062 2068 3089; x_wconf 88' lang='lat' dir='ltr'>vero</span> <span class='ocrx_word' id='word_1_473' title='bbox 2100 3046 2360 3089; x_wconf 80' lang='lat' dir='ltr'>Schmidtius</span> <span class='ocrx_word' id='word_1_474' title='bbox 2390 3046 2492 3087; x_wconf 91' lang='lat' dir='ltr'>ridi-</span> 
     </span>
    </p>
   </div>
  </div>
 </body>
</html>
