2724 3518
1261 183 1289 227 9

144 320 189 360 in
219 319 265 360 P.
295 320 380 361 XII
410 334 583 361 suavem
611 318 727 360 illam
755 318 1095 361 vicissitudinem
1123 320 1420 362 trochaeorum
1450 325 1492 362 et
1523 321 1789 375 dactylorum
1821 336 1864 363 se
1889 323 2072 365 invicem
2097 326 2414 379 excipientium,

144 406 252 445 quae
293 393 386 434 aliis
428 391 686 434 carminibus
723 392 891 432 tantam
925 392 1118 434 offundat
1156 393 1361 446 gratiam,
1407 393 1637 445 desiderat,
1679 394 1769 447 jam
1799 394 2016 447 Kayserus
2052 397 2091 437 ei
2124 399 2416 451 respondit,*)

143 464 254 506 hanc
270 465 410 519 ipsam
429 464 556 505 metri
570 463 792 512 rationem,
811 477 895 516 qua
909 463 1119 505 Pindarus
1138 464 1270 506 dorici
1288 466 1455 518 generis
1478 466 1669 519 regulam
1690 481 1819 520 quam
1840 468 2158 510 accuratissime
2184 472 2418 514 servavisse

143 536 368 578 videbatur
396 534 715 585 Boeckhio,**)
754 535 914 588 optime
945 550 1179 590 congruere
1209 551 1304 578 cum
1334 540 1589 590 argumento
1627 539 1848 587 carminis3
1897 542 2067 592 poetam
2102 542 2235 592 enim,
2280 544 2315 584 si
2350 559 2418 586 res

143 610 423 663 postulasset,
465 623 553 649 1100
590 607 732 648 minus
771 607 964 649 efficaces
1005 612 1046 650 et
1086 622 1238 662 graves
1268 609 1494 662 rhythmos
1526 610 1665 651 facere
1704 610 1918 664 potuisse,
1961 626 2086 665 quam
2116 615 2270 667 quibus
2302 615 2348 656 P.
2379 616 2417 658 X

143 684 186 722 et
215 681 280 723 VI
309 697 411 723 usus
441 684 566 722 esset.

366 753 433 796 De
471 753 619 807 linqua
655 756 694 794 et
732 754 918 794 oratione
949 752 1213 795 Schmidtius
1253 754 1381 795 variis
1419 755 1522 796 10015
1563 755 1675 808 agit,
1718 769 1825 808 quae
1858 758 2007 808 postea
2040 757 2084 798 in
2124 760 2418 811 quaestionem

142 826 399 869 vocabimus.
458 825 553 866 Hoc
594 825 684 867 loco
727 826 769 866 id
810 840 944 866 unum
987 825 1350 878 praemittendum
1392 830 1479 877 est,
1523 841 1651 880 quam
1692 827 1874 868 maxime
1915 829 2107 870 mirabile
2149 845 2262 882 0550,
2305 834 2418 886 quod

143 898 404 940 Schmidtius
443 913 497 939 ne
534 899 662 940 verbo
703 897 873 951 quidem
913 897 1141 938 dialectum
1178 897 1354 939 Pindari
1389 900 1543 952 tangit.
1604 898 1661 940 Et
1698 902 1843 940 tamen
1880 901 1974 952 quis
2014 904 2105 952 est,
2151 903 2255 956 quin
2296 906 2417 955 sciat,

142 971 370 1013 dialectum
392 970 582 1021 Pindari,
615 973 663 1011 ut
694 970 932 1011 Hermanni
962 969 1102 1010 verbis
1134 972 1243 1020 utar,
1255 969 1350 1020 ***)
1385 971 1592 1024 singulari
1622 971 1803 1025 quodam
1832 974 2172 1024 temperamento
2203 990 2336 1029 paene
2368 992 2419 1019 ex

141 1044 339 1085 omnibus
371 1043 562 1085 dialectis
593 1043 775 1084 mixtum
805 1042 968 1083 videri?
998 1042 1326 1083 fundamentum
1353 1057 1444 1084 esse
1469 1044 1662 1098 linguam
1692 1045 1866 1098 epicam,
1899 1045 1972 1086 sed
1999 1060 2019 1086 e
2050 1046 2207 1088 Dorica
2234 1048 2417 1091 dialecto

140 1118 313 1157 tantum
339 1115 570 1157 adscivisse
587 1115 832 1164 Pindarum,
865 1118 1073 1168 quantum
1093 1118 1135 1155 et
1158 1114 1211 1165 ad
1233 1115 1431 1156 dictionis
1458 1117 1726 1170 splendorem
1747 1121 1790 1158 et
1812 1117 1864 1157 ad
1886 1132 2160 1159 numerorum
2186 1122 2417 1162 commodi-

139 1191 275 1229 tatem
313 1188 514 1229 idoneum
550 1188 783 1237 videretur,
825 1187 1123 1240 repudiantem
1161 1187 1252 1238 illa,
1304 1202 1410 1241 quae
1448 1192 1523 1230 aut
1561 1190 1779 1231 interioris
1818 1192 1962 1230 0550111
2001 1194 2075 1232 0111
2113 1193 2303 1245 vulgaris
2342 1197 2417 1234 aut

142 1261 270 1302 certis
309 1261 354 1301 in
387 1261 490 1302 10015
528 1260 680 1301 11511011
710 1260 929 1301 Dorismi‘?
987 1259 1036 1300 Id
1074 1260 1157 1301 etsi
1193 1274 1280 1301 non
1319 1261 1480 1313 primus
1511 1261 1634 1312 fecit,
1675 1262 1749 1302 sed
1780 1264 1952 1303 secutus
1984 1263 2109 1313 alios,
2152 1266 2297 1305 tamen
2328 1265 2419 1318 ipse

142 1333 224 1374 sibi
252 1348 371 1374 suam
401 1333 630 1375 dialectum
662 1333 822 1375 creavit
852 1335 894 1373 et
924 1334 1075 1386 postea
1103 1332 1147 1373 111
1179 1334 1380 1387 exemplis
1412 1334 1584 1376 habitus
1615 1337 1692 1375 est.
1750 1333 1871 1382 Quod
1903 1349 2032 1387 quum
2062 1336 2124 1377 ita
2155 1337 2223 1384 sit,
2257 1337 2292 1377 si
2319 1352 2420 1379 vera
2464 1378 2467 1379 γ

141 1408 299 1457 0550111,
327 1420 433 1459 (11100
455 1405 718 1447 Schmidtius
747 1406 1033 1454 halucinatur,
1064 1419 1207 1445 11011110
1235 1409 1374 1458 1111105,
1406 1408 1728 1460 sagacissimum
1758 1407 1876 1447 illum
1907 1407 2189 1461 interpretem
2211 1409 2418 1462 quaedam

140 1479 409 1520 detecturum
426 1478 571 1527 fuisse,
603 1492 710 1532 quae
727 1478 978 1527 iudicarent,
1012 1477 1239 1518 dialectum
1259 1478 1332 1518 1110
1356 1479 1492 1531 prima
1512 1483 1662 1533 poetae
1683 1482 1824 1521 aetate
1847 1480 1927 1520 sibi
1946 1480 2137 1521 nondum
2155 1481 2416 1531 constitisse,

141 1551 223 1592 alia
252 1554 401 1604 postea
432 1551 612 1605 abjecta,
644 1551 726 1591 alia
754 1550 994 1604 adsumpta,
1026 1550 1108 1591 alia
1130 1553 1298 1591 mutata
1328 1554 1456 1604 atque
1479 1552 1703 1593 emendata
1724 1554 1845 1593 esse?
1904 1551 2023 1593 Nihil
2048 1553 2267 1606 ejusmodi,
2298 1554 2417 1594 nihil.

141 1622 251 1671 Quid
292 1624 477 1664 mirum?
533 1624 675 1665 omnia
715 1638 822 1676 quae
860 1623 1041 1677 legimus
1084 1623 1209 1664 hodie
1252 1623 1441 1664 carmina
1481 1624 1660 1677 perfecti
1700 1625 1897 1678 magistri
1940 1628 2061 1675 51101,
2118 1640 2204 1667 non
2250 1626 2418 1667 tironis.

142 1695 340 1737 Scholam
377 1696 628 1749 reliquerat,
673 1710 804 1749 quum
841 1696 887 1736 in
925 1695 1094 1749 templis
1134 1695 1308 1736 deorum
1347 1698 1389 1736 et
1427 1696 1472 1736 in
1501 1696 1594 1737 foro
1631 1696 1798 1737 laudem
1832 1697 2044 1738 victorum
2084 1712 2232 1739 canere
2264 1698 2417 1752 coepit.

142 1768 425 1817 Quamobrem
455 1783 509 1809 ne
539 1783 588 1810 ea
616 1769 799 1822 quidem,
832 1783 939 1822 quae
970 1767 1232 1809 Schmidtius

363 1841 414 1882 de
456 1842 708 1895 imaqz'm'hus
753 1857 776 1883 a
820 1841 1006 1882 Pindaro
1048 1841 1252 1882 adhibitis
1294 1841 1419 1892 dicit,
1462 1843 1633 1896 probari
1674 1844 1869 1896 possunt.
1927 1842 1977 1883 In
2018 1842 2225 1896 duplicem
2272 1846 2416 1885 autem

140 1929 325 1956 errorem
363 1914 527 1956 incidit.
585 1914 817 1956 Contendit
859 1915 993 1964 enim,
1034 1914 1086 1954 iis
1125 1914 1397 1967 potissimum
1434 1915 1556 1965 10015,
1599 1916 1754 1968 quibus
1791 1917 1927 1956 artem
1959 1929 2079 1956 suam
2117 1915 2359 1969 nuperrime
2390 1932 2416 1958 a

139 1987 359 2040 magistris
388 1986 468 2027 sibi
485 1986 689 2028 traditam
705 1986 932 2040 praedicet,
949 1989 1101 2040 poetae
1124 1987 1312 2027 animum
1334 1987 1386 2028 ad
1405 1990 1578 2029 tantum
1601 1988 1793 2029 ardorem
1815 1987 1936 2029 evehi
1957 1988 2104 2037 solere,
2135 1991 2183 2029 ut
2205 1989 2416 2042 imagines

139 2059 350 2101 adhibeat.
408 2058 570 2100 Tamen
600 2059 636 2099 si
665 2059 805 2101 varios
835 2060 951 2100 locos
980 2059 1241 2112 imaginibus
1278 2060 1518 2102 illustratos
1553 2061 1836 2111 recensueris,
1876 2060 2089 2110 invenies,
2133 2060 2417 2102 Schmidtium

137 2132 318 2173 nimium
355 2132 513 2173 dicere:
559 2135 695 2173 artem
734 2132 903 2185 quidem
942 2146 1062 2173 suam
1099 2132 1288 2173 illustrat
1326 2135 1454 2185 poeta
1491 2132 1537 2173 P.
1570 2135 1642 2182 10,
1683 2136 1730 2174 51
1767 2147 1828 2186 sq.
1860 2136 1923 2174 65.
1971 2132 2034 2174 01.
2066 2136 2131 2184 11,
2173 2136 2208 2174 9.
2253 2132 2314 2174 01.
2349 2137 2414 2182 10,

139 2207 190 2245 85
223 2219 284 2258 sq.
314 2207 378 2246 97.
415 2203 460 2244 Ρ.
493 2207 530 2253 6,
564 2207 583 2244 1
615 2218 676 2258 sq.
706 2207 744 2255 8,
778 2208 841 2246 10.
878 2204 931 2245 N.
963 2207 1000 2254 5,
1032 2207 1168 2254 1—3,
1202 2207 1253 2245 20
1285 2218 1344 2257 sq.
1376 2208 1442 2255 51,
1471 2205 1544 2246 sed
1574 2206 1778 2247 victorem
1808 2205 1854 2246 P.
1888 2209 1951 2256 10,
1984 2209 2048 2247 28.
2086 2205 2139 2247 N.
2171 2209 2207 2256 5,
2240 2209 2275 2247 6.
2307 2207 2413 2247 ami-

138 2277 282 2319 citiam
313 2276 359 2317 Ρ.
395 2280 459 2326 10,
493 2280 557 2318 67.
588 2276 635 2318 P.
668 2281 705 2328 6,
737 2281 802 2319 54.
833 2277 962 2318 tibias
993 2276 1040 2317 P.
1074 2280 1137 2326 12,
1171 2280 1234 2317 26.
1264 2277 1439 2318 victoris
1469 2277 1718 2319 felicitatem
1748 2277 1794 2318 P.
1825 2281 1862 2328 7,
1894 2281 1958 2319 21.
1989 2278 2221 2320 Locrenses
2253 2277 2316 2319 01.
2349 2282 2414 2330 11,

138 2353 192 2391 20
223 2365 284 2403 5(1.
317 2351 575 2392 solutionem
604 2351 806 2404 pecuniae
837 2350 1022 2392 creditae
1053 2348 1115 2391 Ol.
1145 2352 1208 2398 10,
1241 2352 1305 2390 97.
1336 2353 1472 2391 artem
1500 2351 1744 2404 gymnicam
1775 2349 1839 2392 01.
1869 2354 1932 2401 10,
1965 2354 2029 2392 20.
2059 2351 2176 2392 urbis
2208 2351 2414 2393 excidium

139 2421 202 2463 01.
225 2424 289 2471 10,
322 2425 385 2463 36.
444 2422 759 2464 Posterioribus
783 2426 926 2464 autem
943 2423 989 2463 111
1009 2422 1268 2464 carminibus
1300 2424 1343 2463 et
1362 2422 1468 2476 ipsis
1492 2424 1740 2477 saepissime
1762 2427 1897 2465 arteni
1920 2423 2132 2477 poeticam
2153 2424 2413 2477 imaginibus

138 2495 341 2536 adhibitis
369 2495 529 2543 laudat,
560 2495 611 2537 cf.
642 2511 675 2537 e.
705 2510 766 2549 gr.
797 2495 843 2536 P.
869 2499 905 2546 1,
934 2499 999 2537 43.
1031 2494 1078 2536 0.
1108 2498 1146 2545 2,
1179 2498 1243 2536 92.
1274 2494 1320 2535 Ρ.
1351 2498 1389 2545 2,
1422 2499 1485 2537 67.
1517 2499 1555 2546 9,
1588 2499 1680 2537 103.
1709 2495 1761 2537 N.
1785 2499 1823 2547 3,
1855 2501 1893 2546 4,
1927 2499 2001 2545 763
2033 2500 2072 2546 4,
2106 2498 2129 2536 2
2161 2510 2221 2549 sq.
2253 2499 2302 2537 35
2334 2499 2415 2538 etc.

139 2566 260 2616 Quod
290 2567 440 2609 deinde
471 2567 567 2609 Sch.
597 2568 712 2619 dicit,
744 2568 977 2609 Pindarum
1007 2568 1371 2610 adolescentulum
1401 2568 1610 2622 imagines
1640 2569 1912 2622 potissimum
1943 2584 1967 2610 a
1999 2568 2288 2621 navigatione,
2321 2571 2415 2609 arte

138 2641 357 2694 gymnica,
398 2640 613 2680 interdum
656 2643 836 2683 naturae
877 2641 1092 2682 miraculis
1134 2643 1300 2694 petere,
1345 2655 1399 2681 ne
1440 2641 1520 2682 hoc
1553 2641 1722 2694 quidem
1760 2641 1822 2682 ita
1859 2644 1936 2682 est.
1993 2641 2061 2682 Ad
2094 2640 2413 2693 navigationem

139 2713 309 2767 quidem
338 2713 528 2767 pertinet
567 2712 613 2753 P.
648 2716 711 2765 10,
743 2716 809 2763 28,
841 2717 889 2755 51
926 2727 986 2767 sq.
1023 2713 1075 2754 N.
1104 2716 1142 2763 5,
1175 2716 1212 2764 2,
1245 2715 1311 2763 51,
1351 2713 1403 2754 ad
1432 2728 1520 2754 rem
1551 2714 1794 2768 gymnicam
1825 2713 1871 2755 P.
1904 2717 1967 2763 10,
2001 2716 2063 2755 65.
2100 2712 2152 2754 N.
2184 2715 2221 2763 5,
2254 2715 2320 2762 20,
2360 2712 2413 2753 ad

137 2789 318 2827 naturae
347 2788 588 2839 potestates
619 2784 682 2827 01.
714 2789 779 2837 11,
810 2789 846 2827 2.
886 2785 932 2827 P.
966 2789 1004 2836 6,
1038 2789 1101 2827 10.
1132 2784 1196 2827 01.
1229 2789 1292 2830 10.
1320 2788 1343 2827 9
1376 2799 1457 2839 sq..
1489 2786 1562 2827 sed
1592 2786 1643 2827 ad
1674 2787 1845 2840 opifices
1876 2786 1922 2827 Ρ.
1957 2789 2020 2836 10,
2054 2789 2117 2827 67.
2158 2783 2220 2826 01.
2253 2787 2317 2835 10,
2348 2787 2415 2825 20.

363 2970 395 3014 *)
422 2969 445 3003 1.
471 2969 495 3003 1.
520 2981 556 3014 p.
582 2969 660 3003 582.

342 3026 395 3071 **)
421 3026 466 3062 de
490 3028 594 3061 metr.
619 3026 724 3062 Pind.
749 3038 784 3072 p.
811 3027 888 3061 279.

326 3085 397 3130 ***)
422 3085 466 3119 de
493 3084 648 3120 dialecto
674 3085 823 3120 Pindari
845 3097 881 3130 p.
907 3084 968 3120 IV.

1939 3149 1962 3188 [Ο
