2724 3518
1216 209 1271 254 31

112 360 229 388 sacra
258 347 464 400 quaedam
492 347 807 399 pertinentibus
832 361 920 388 non
943 346 1117 400 majoris
1141 347 1269 402 pretii
1296 349 1410 399 sunt,
1440 361 1567 400 quam
1592 347 1699 398 illae,
1731 348 1885 402 quibus
1915 363 2083 391 carmen
2108 349 2375 404 Olympicum

114 420 282 461 sextum
313 434 388 460 suo
418 433 533 461 more
564 420 745 461 ornavit.
775 418 849 472 (cf.
877 434 917 473 p.
947 421 1026 460 275
1059 418 1167 472 sqq.)

337 491 415 532 His
439 492 573 545 igitur
594 477 818 533 Schmidtii
840 492 1051 533 erroribus
1081 491 1256 532 remotis
1278 491 1386 532 nihil
1408 495 1611 542 remanet,
1641 491 1755 546 quod
1782 492 1827 532 in
1848 492 1927 534 hoc
1956 494 2141 536 carmine
2171 494 2373 536 offendat,

113 562 224 604 Nam
260 564 406 605 fabula
444 566 486 605 et
524 563 617 617 ipsa
652 578 748 605 cum
786 565 911 605 rebus
942 563 1115 605 victoris
1155 564 1314 617 optime
1353 564 1563 605 convenit.
1622 563 1832 605 Versatur
1869 566 1982 606 6111111
2020 566 2063 607 111
2101 566 2376 608 describenda

112 635 386 677 institutione
414 635 608 677 ludorum
631 634 960 690 Olympicorum,
989 650 1096 690 quae
1125 636 1186 677 ita
1214 638 1427 687 narratur,
1459 640 1505 678 ut
1536 636 1662 678 simul
1684 636 1932 691 Agesidami
1960 638 2135 679 victoris
2166 637 2377 692 Olympici

112 707 222 749 ratio
265 708 483 749 habeatur.
549 707 608 749 Ut
646 708 758 749 enim
787 708 963 750 Herculi
1004 721 1154 762 graves
1200 710 1243 749 et
1289 708 1515 761 periculosi
1560 709 1726 750 labores
1777 709 2004 762 superandi
2050 713 2194 760 erant,
2232 711 2373 764 prius-

112 794 240 833 quam
270 779 306 820 ei
338 780 607 832 contingeret
636 780 758 822 ludos
789 781 888 823 Jovi
919 795 1060 822 sacros
1090 780 1333 831 instituere,
1372 781 1433 822 ita
1462 781 1744 834 Agesidamus
1781 781 1916 821 multa
1952 781 2055 823 fecit
2093 785 2135 823 615
2166 783 2288 832 tulit,
2327 785 2377 823 ut

112 852 291 893 victoria
330 852 543 904 potiretur
573 852 629 904 (v.
660 852 856 906 15—23).
915 853 1159 894 Certamina
1188 867 1287 894 vero
1326 853 1419 907 ipsa
1458 868 1550 895 eam
1588 854 1642 894 ob
1682 867 1874 903 causam,
1915 853 2069 895 additis
2109 855 2376 908 singulorum

114 925 325 966 victorum
354 924 611 976 nominibus,
642 928 731 966 tam
761 925 854 966 fuse
876 927 1118 974 narrantur,
1150 927 1198 965 ut
1223 928 1441 978 appareat,
1472 928 1682 979 quantum
1712 925 1916 967 honorem
1941 926 2118 979 adeptus
2150 926 2206 966 sit
2223 925 2376 979 Agesi-

111 996 281 1046 damus,
317 996 392 1050 qui
420 997 593 1050 longam
622 998 810 1039 virorum
839 997 1173 1039 fortissimorum
1204 997 1354 1038 seriem
1384 997 1617 1047 concludit,
1650 997 1824 1051 Dorycli
1854 997 2069 1050 Tirynthii
2100 998 2270 1049 similis,
2304 998 2377 1051 qui

111 1069 292 1123 primam
320 1069 537 1122 pugilatus
567 1070 787 1112 victoriam
815 1070 888 1111 1110
918 1073 1109 1123 tempore
1138 1070 1386 1122 reportavit.
1444 1070 1727 1118 Quamobrem
1756 1070 1851 1124 quis
1883 1070 2070 1111 invideat
2093 1069 2376 1111 Locrensibus

111 1142 222 1182 hanc
259 1156 459 1195 pompam
489 1142 752 1184 victorialem
790 1145 832 1183 61
872 1142 1106 1183 carminum
1143 1141 1421 1194 epiniciorum
1458 1156 1630 1193 sonum,
1673 1156 1803 1196 quum
1833 1141 2034 1183 Hercules
2073 1145 2116 1183 et
2153 1142 2242 1195 ipse
2282 1156 2377 1183 cum

113 1213 238 1256 sociis
269 1214 484 1255 coronatis
516 1215 627 1256 diem
655 1214 851 1256 ludorum
880 1215 993 1256 laeto
1024 1214 1134 1256 festo
1166 1214 1448 1256 concluserit?

335 1285 434 1328 Jam
475 1286 828 1341 comprehendam
871 1287 1060 1341 singula,
1105 1289 1154 1328 ut
1196 1301 1263 1328 ars
1309 1289 1458 1340 poetae
1505 1302 1529 1328 a
1571 1286 1807 1329 Schmidtio
1855 1289 1944 1328 tam
1989 1286 2109 1328 foede
2153 1286 2379 1328 obscurata

114 1359 316 1413 cognosci
344 1359 505 1413 possit:

339 1430 509 1473 Oblitus
540 1446 633 1472 sum
662 1431 990 1486 Agesidamum,
1025 1447 1113 1473 non
1143 1431 1339 1481 consilio,
1380 1431 1452 1472 sed
1482 1431 1684 1486 deceptus
1721 1432 1927 1486 temporis
1955 1431 2079 1473 celeri
2107 1431 2223 1485 fuga.
2281 1430 2379 1472 Jam

114 1508 337 1559 peccatum
375 1504 607 1545 emendabo
637 1519 793 1546 canens
833 1520 880 1546 60
911 1505 1127 1558 pulchrius
1165 1518 1355 1553 carmen,
1397 1518 1479 1558 quo
1517 1504 1708 1546 celeriter
1737 1504 2015 1546 Locrensium
2053 1504 2236 1557 gratiam
2274 1502 2381 1543 mihi

114 1578 272 1631 parabo
303 1575 493 1630 (1—12).
550 1577 738 1618 Laudem
768 1577 881 1618 enim
910 1577 1103 1619 bellicam
1142 1591 1289 1618 eorum
1317 1576 1605 1618 celebraturus
1636 1592 1750 1627 sum,
1788 1591 1895 1631 quae
1925 1576 2171 1631 Agesidami
2201 1575 2380 1616 victoria

114 1650 236 1691 valde
260 1653 386 1692 aucta
409 1653 486 1691 est.
547 1650 683 1691 Debet
706 1652 849 1690 autem
870 1650 1076 1703 magistro
1097 1649 1325 1690 maximam
1345 1649 1529 1702 gratiam
1551 1648 1770 1702 (13—19)‚
1791 1664 2047 1703 quamquam
2065 1649 2100 1689 is
2125 1647 2378 1701 discipulum

114 1737 202 1764 non
232 1725 401 1777 poterat
430 1723 610 1764 liberare
638 1723 867 1773 laboribus,
900 1723 989 1764 sine
1018 1722 1172 1776 quibus
1197 1722 1399 1762 victoriae
1418 1736 1638 1775 nunquam
1659 1724 1867 1776 parantur
1892 1719 2112 1773 (20—23).
2158 1719 2381 1762 Summum

114 1810 214 1837 vero
258 1795 448 1836 omnium
487 1796 769 1836 certaminum
807 1796 1009 1845 narrabo,
1054 1795 1167 1849 quod
1204 1794 1407 1835 Hercules
1446 1793 1596 1847 Augea
1635 1808 1762 1848 aegre
1810 1796 2010 1847 superato
2048 1792 2145 1834 Jovi
2189 1792 2383 1834 instituit

115 1866 334 1920 (24—43).
393 1867 552 1909 Parata
590 1868 702 1909 enim
732 1868 911 1909 victoria
940 1867 1083 1908 Pisam
1120 1868 1351 1909 exercitum
1381 1867 1521 1918 coegit
1560 1869 1603 1907 et
1632 1866 1772 1907 locum
1801 1866 1911 1906 ludis
1943 1865 2124 1907 sacravit
2155 1864 2381 1918 (43—59);

115 1943 209 1981 tum
239 1940 343 1982 socii
374 1940 465 1993 ejus
495 1940 633 1994 prima
660 1940 822 1982 ludicra
853 1940 1086 1982 certamina
1115 1940 1401 1989 celebrabant,
1431 1939 1584 1993 quibus
1610 1953 1785 1992 vespere
1815 1939 1950 1979 finitis
1980 1952 2055 1992 per
2084 1941 2253 1980 noctem
2282 1937 2382 1978 luna

116 2012 376 2054 illustratam
407 2013 541 2066 epulis
573 2015 617 2054 et
648 2013 906 2054 carminibus
937 2013 1260 2054 delectabantur
1289 2012 1444 2065 (fio-7
1451 2011 1507 2063 7).
1567 2010 1704 2052 Simili
1731 2011 1855 2052 modo
1885 2025 1962 2052 nos
1993 2024 2160 2064 quoque
2192 2013 2381 2050 veterum

113 2099 275 2127 morem
314 2085 533 2127 imitantes
566 2084 718 2126 Jovem
755 2087 953 2126 nostrum
991 2099 1204 2126 canamus.
1263 2085 1498 2126 Fluctuans
1536 2098 1634 2125 vero
1678 2085 1830 2125 cantus
1870 2083 2142 2137 respondebit
2180 2082 2381 2123 tibiarum

114 2158 243 2208 501115,
275 2158 461 2199 carmine
491 2157 664 2199 tandem
694 2156 852 2198 Thebis
883 2157 1012 2199 allato
1044 2157 1258 2209 (78-85)‚
1297 2172 1390 2199 sero
1421 2157 1605 2211 quidem,
1638 2157 1710 2198 sed
1741 2171 1789 2197 eo
1819 2155 2022 2197 libentius
2053 2158 2239 2208 accepto,
2271 2155 2381 2195 sicut

112 2230 225 2271 filius
256 2230 496 2272 senescenti
524 2230 638 2284 patri
666 2232 836 2283 praeter
866 2244 986 2284 spem
1023 2232 1150 2271 natus
1189 2229 1397 2271 laetitiam
1436 2232 1578 2282 auget.
1637 2228 1846 2270 Carminis
1880 2230 2023 2269 autem
2051 2227 2174 2268 laude
2204 2229 2379 2267 ornatus

112 2302 395 2356 Agesidamus
425 2316 521 2343 vere
550 2302 651 2343 felix
681 2302 900 2343 habendus
931 2305 1018 2360 est;
1048 2305 1197 2356 poetae
1220 2302 1333 2344 enim
1363 2301 1732 2343 immortalitatem
1763 2300 1948 2341 nominis
1977 2299 2182 2341 efficiunt.
2237 2298 2379 2339 Meum

111 2388 212 2416 vero
251 2377 316 2416 est
344 2374 649 2428 Agesidamum
689 2375 861 2416 laudare
902 2379 945 2417 et
985 2375 1134 2416 urbem
1171 2375 1285 2429 ejus,
1328 2374 1530 2428 quoniam
1572 2374 1663 2428 ipse
1704 2388 1799 2414 eum
1842 2372 1949 2422 vidi,
1995 2387 2126 2426 quum
2158 2370 2378 2425 Olympiae

105 2446 350 2501 juventutis
380 2447 482 2488 flore
512 2447 694 2500 insignis
724 2447 904 2489 victoria
933 2449 1099 2502 potitus
1130 2450 1216 2498 est,
1257 2447 1493 2501 Ganymedi
1522 2446 1795 2501 pulcherrimi
1825 2445 2035 2494 aemulus,
2075 2459 2199 2498 quem
2233 2443 2375 2484 Venus

110 2522 286 2574 propter
326 2519 685 2574 pulchritudinem
728 2535 848 2562 suam
888 2519 997 2563 Orco
1043 2520 1200 2574 eripuit
1244 2519 1486 2572 (85-105).
1556 2518 1707 2561 Partes
1753 2517 1951 2560 carminis
2001 2517 2136 2570 igitur
2185 2517 2246 2557 ita
2288 2516 2374 2557 fere

109 2591 436 2645 distinguendae
470 2594 592 2633 sunt:

336 2707 385 2746 12
417 2703 534 2757 (πρ.)
564 2705 620 2754 -ι-
651 2709 673 2828 }
705 2703 837 2762 (dex)
868 2706 923 2755 -ι-
952 2709 978 2792 1
1010 2703 1141 2759 (κατ.)
1170 2706 1226 2755 4-
1256 2707 1309 2746 54
1340 2702 1488 2759 (ὀμφ.)
1501 2705 1629 2790 ssf?
1660 2702 1791 2755 (μετ.)
1828 2703 1883 2751 4-
1912 2703 1964 2823 2‘0
1996 2699 2150 2756 (0920).

332 2887 611 2942 Respondent
642 2887 723 2929 sibi
750 2888 832 2929 ita:
862 2886 970 2944 ἀρχά
989 2890 1031 2929 61
1063 2891 1240 2942 σφραγίς
1260 2887 1435 2929 victoris
1466 2888 1507 2927 et
1529 2884 1804 2927 Locrensium
1834 2884 2037 2925 virtutem
2058 2885 2100 2923 et
2122 2882 2371 2924 felicitatem

107 2959 372 3013 praedicant3
423 2959 666 3013 κατατροπά
707 2962 749 3001 61
792 2959 1142 3014 μετακατατροπά
1183 2959 1245 3001 116
1288 2959 1538 3009 cohaerent,
1589 2961 1637 2998 ut
1684 2957 1755 2998 illa
1795 2957 1980 3006 labores,
2031 2955 2104 3008 qui
2148 2955 2370 2997 victoriam

106 3032 383 3085 praecedunt,
429 3033 532 3074 haec
568 3032 796 3084 laetitiam,
836 3048 943 3087 quae
981 3033 1183 3075 victoriae
1229 3032 1395 3074 fructus
1437 3034 1523 3081 est,
1566 3029 1804 3078 contineat3
1854 3026 2066 3082 ὀμφαλός,
2109 3029 2156 3068 ut
2198 3027 2370 3078 assolet,

108 3104 304 3156 mythum
335 3107 494 3146 narrat.
