2724 3518
1306 162 1368 206 22

205 324 311 364 quos
352 309 410 349 dii
451 303 658 359 singulari
701 301 885 356 quodam
922 314 1064 342 amore
1106 300 1289 353 diligant
1331 302 1374 340 ct
1424 299 1597 353 eligant.
1661 297 1775 339 Nam
1818 301 1861 339 et
1901 313 1994 339 eam
2032 297 2303 347 felicitatem,
2352 310 2480 350 quam

205 381 470 435 εὕδαμιονίαν
498 378 625 431 poeta
655 374 779 423 dicit,
810 372 1012 415 victoriae
1042 374 1285 425 reportatae
1314 370 1503 412 fructum
1533 384 1638 420 esse,
1669 369 1793 411 docet
1822 368 1870 410 P.
1900 368 1952 420 X,
1985 371 2058 409 22:
2091 367 2301 422 εὐδαίμων
2333 384 2382 410 τε
2410 371 2479 411 καὶ

203 452 385 510 ὑμνητός
415 443 532 496 οὗτος
559 445 662 504 ἀνὴρ
690 449 872 499 γίγνεται
902 450 1064 498 σοφοῖς,
1095 442 1141 490 ὅς
1170 441 1222 484 ἄν
1251 445 1397 496 χερσὶν
1425 440 1453 498 ἢ
1483 443 1632 484 ποδῶν
1661 439 1789 500 ἀρετᾷ
1813 441 2036 498 κρατήσαις
2060 439 2111 482 τοὶ
2129 443 2288 495 μέγιστ’
2308 439 2479 484 ἀέθλων

208 525 279 582 ἕλῃ
309 525 443 580 τόλμᾳ
472 536 518 562 τε
547 520 614 561 καὶ
643 518 806 570 σθένει,
834 519 902 559 καὶ
934 517 1052 567 ζώων
1083 514 1145 557 ἔτι
1174 515 1327 570 νεαρὸν
1356 516 1442 556 κατ’
1472 510 1597 557 αἶσαν
1625 513 1720 556 υἱόν
1745 514 1814 570 ἴδῃ
1837 514 2020 566 τυχόντα
2042 514 2265 568 στεφάνων
2286 517 2481 566 Πυθίων,

206 600 248 640 et
279 595 340 637 Ol.
371 598 408 644 8,
441 596 493 634 14
523 589 724 644 εὐπραγία
754 604 943 631 51111111130
974 591 1016 630 et
1046 588 1261 642 perfectae
1290 586 1510 629 felicitatis
1550 588 1714 627 statum
1744 588 1786 627 et
1819 585 2105 627 conditionem
2134 588 2277 627 notat:
2322 586 2479 628 πολλαὶ

206 668 337 712 δ’ὁδοῑ
367 666 445 709 σῦν
470 668 591 711 θεοῖς
621 661 858 719 εὐπραγίας.
918 660 1000 702 Sed
1035 659 1139 701 haec
1172 659 1311 701 omnis
1350 658 1572 699 distinctio
1614 658 1667 698 ab
1697 657 1778 699 1100
1815 657 1908 699 1000
1949 658 2086 699 3110113
2116 660 2202 708 est,
2247 672 2379 711 quum
2410 661 2482 699 νέα

208 739 429 793 εὐπραγία,
468 751 551 790 qua
580 737 708 789 poeta
736 734 987 783 delectatur,
1025 746 1114 773 non
1151 732 1205 773 ad
1238 732 1369 773 alium
1397 729 1609 783 quendam
1638 729 1845 771 victorem
1880 730 2118 783 pertineat,
2158 730 2231 771 sed
2259 728 2483 770 victoriam

206 812 428 866 Pythicam
456 808 661 862 Megaclis
691 806 825 860 ipsius
856 805 1042 846 denotet.
1101 803 1224 852 Quod
1260 818 1359 845 vero
1400 802 1592 852 additur,
1634 802 1825 843 laetitiae
1865 802 2022 843 doloris
2060 802 2219 856 aliquid
2245 801 2484 843 admixtum

207 899 309 936 esse,
340 883 381 924 id
412 895 548 935 neque
579 880 631 921 ad
661 879 836 920 deorum
864 877 1068 918 invidiam
1097 891 1233 930 neque
1264 876 1318 918 ad
1347 875 1485 916 futuri
1515 874 1722 928 temporis
1753 874 1909 916 malam
1940 888 2059 928 spem
2096 874 2367 916 referendum
2404 875 2482 914 est.

204 957 268 998 De
298 970 342 997 re
373 955 486 996 enim
515 951 732 1007 praesenti
761 950 863 991 dicit
891 952 1037 1003 poeta,
1077 948 1237 990 invidia
1267 948 1359 991 dico
1390 949 1613 990 hominum
1643 947 1968 997 malevolorum,
2009 947 2082 999 qui
2110 946 2484 1000 praestantissimo

206 1029 355 1082 cuique
393 1027 633 1068 obtrectare
673 1024 811 1065 solent
853 1022 922 1075 (cf.
959 1021 1006 1063 P.
1045 1025 1090 1071 1,
1131 1020 1229 1073 85);
1286 1021 1331 1061 111
1369 1035 1452 1074 quo
1492 1035 1567 1062 cur
1606 1019 1735 1060 verbo
1776 1017 2031 1073 α’μείβεσθαι
2069 1019 2356 1069 offendamur,
2396 1032 2485 1059 non

204 1100 418 1152 intelligo,
464 1100 529 1139 est
567 1097 679 1138 enim
716 1096 975 1150 ἀμείβεσθαί
999 1111 1039 1136 τι
1076 1093 1334 1147 respondere
1374 1093 1426 1134 ad
1464 1092 1646 1146 aliquid3
1689 1091 1739 1132 de
1768 1091 1915 1132 futuro
1947 1093 2091 1133 autem
2121 1094 2314 1145 tempore
2353 1093 2482 1145 poeta

208 1173 310 1215 adeo
352 1185 439 1212 non
479 1170 685 1211 sollicitus
723 1171 809 1219 est,
852 1170 900 1208 ut
937 1168 1094 1208 bonam
1126 1179 1244 1218 spem
1283 1166 1390 1216 alat,
1435 1165 1549 1219 quod
1576 1165 1829 1206 felicitatem
1861 1163 2259 1206 Alcmaeonidarnm
2296 1165 2484 1207 humano

207 1258 321 1286 more
370 1243 631 1284 moderatam
677 1241 922 1282 diuturnam
964 1239 1055 1280 fore
1100 1253 1353 1292 persuasum
1393 1239 1535 1279 habet.
1592 1237 1735 1291 Atque
1773 1237 1853 1278 hac
1884 1237 2102 1278 sententia
2131 1238 2353 1291 aptissime
2382 1252 2484 1279 0011-

208 1317 340 1359 cludit
370 1329 538 1357 carmen
567 1314 863 1355 brevissimum
890 1311 1070 1365 quidem,
1103 1311 1176 1352 sed
1206 1310 1628 1365 praestantissimum
1659 1313 1702 1350 et
1733 1309 2045 1360 suavissimum,
2077 1310 2144 1351 cui
2175 1310 2357 1364 singulis
2387 1325 2484 1364 par-

207 1390 323 1430 tibus
353 1388 513 1442 optime
543 1386 762 1439 dispositis
793 1387 835 1426 et
866 1384 906 1425 in
941 1399 1074 1425 unum
1104 1384 1356 1426 coeuntibus
1385 1386 1475 1424 tam
1505 1383 1632 1436 plena
1662 1384 1705 1423 et
1736 1382 1953 1423 cumulata
1972 1382 2065 1423 laus
2086 1383 2229 1435 gentis
2251 1382 2486 1424 ditissimae

207 1461 395 1504 victoriis
426 1460 553 1509 inest,
584 1462 632 1499 ut
662 1458 703 1498 id
735 1460 808 1498 aut
839 1460 1040 1498 truncum
1073 1471 1164 1497 esse
1194 1458 1270 1497 aut
1298 1455 1523 1509 epistolam
1544 1454 1756 1508 poeticam
1779 1453 2041 1496 Schmidtius
2066 1469 2370 1509 persuasurum
2394 1470 2487 1497 esse

208 1533 416 1577 confidam
445 1531 618 1573 nemini.
676 1530 869 1572 Concidit
899 1530 1033 1583 igitur
1072 1531 1214 1570 totum
1249 1528 1355 1569 illud
1394 1527 1653 1581 conjecturis
1690 1527 1918 1568 levissimis
1951 1530 2218 1569 exstructum
2249 1528 2487 1569 aedificium

209 1605 445 1648 Schmidtii.
504 1603 589 1645 Vix
619 1617 769 1656 operae
789 1603 974 1656 pretium
994 1605 1072 1652 est,
1104 1601 1274 1654 singula
1296 1615 1488 1654 quaeque
1510 1600 1712 1641 refellere.
1775 1599 1937 1641 Tamen
1956 1603 2005 1640 ut
2029 1600 2220 1641 levitatis
2250 1602 2293 1640 et
2314 1600 2487 1642 temeri-

207 1678 311 1720 tatis
344 1676 659 1719 Schmidtianae
690 1675 903 1729 specimen
933 1688 1241 1728 proponamus,
1285 1673 1368 1714 duo
1399 1687 1683 1726 excerpemus.
1743 1671 1882 1720 Quum
1914 1672 2026 1713 enim
2066 1672 2194 1725 legis,
2240 1671 2487 1725 Megaclem,

208 1751 345 1792 virum
375 1749 673 1798 fortissimum,
704 1747 817 1788 exilii
835 1746 1205 1788 Pisistratidarum
1227 1748 1443 1788 auctorem
1464 1746 1753 1799 praecipuum,
1785 1745 1920 1786 nobili
1943 1747 2072 1798 gente
2092 1744 2488 1786 Alcmaeonidarum

209 1826 371 1873 ortum,
409 1821 571 1863 recenti
609 1820 787 1862 victoria
817 1819 999 1872 Pythica
1039 1822 1238 1860 ornatum
1275 1818 1413 1859 animo
1444 1819 1605 1870 trepido
1635 1821 1671 1859 et
1704 1818 1849 1859 timido
1888 1820 2059 1871 poetam
2097 1817 2294 1870 precibus
2333 1817 2484 1867 adisse,

209 1898 258 1936 ut
289 1895 369 1935 sibi
400 1908 569 1936 carmen
591 1893 795 1942 mitteret,
825 1892 896 1932 vix
916 1892 1048 1934 oculis
1069 1891 1197 1933 fidem
1220 1891 1391 1932 habeas.
1452 1890 1702 1944 Quicunque
1723 1890 1836 1931 enim
1859 1890 2044 1942 aliquam
2066 1903 2207 1930 rerum
2226 1889 2487 1930 Graecarum

211 1967 434 2009 scientiam
474 1966 624 2016 habet,
664 1965 700 2006 is
738 1979 824 2006 non
859 1964 1056 2018 ignorat,
1093 1964 1328 2005 timiditate
1360 1963 1544 2005 Graecos
1582 1977 1670 2004 non
1700 1963 1935 2011 laborasse,
1974 1962 2132 2003 nedum
2161 1962 2487 2003 Alcmaeonidas

210 2039 410 2093 superbia
438 2041 578 2080 notos.
636 2037 796 2085 Quodsi
826 2038 1014 2090 quaeris,
1046 2037 1199 2090 quibus
1231 2036 1522 2077 fundamentis
1553 2036 1656 2077 haec
1687 2035 1872 2089 suspicio
1905 2033 2129 2076 Schmidtii
2158 2035 2347 2083 nitatur,
2379 2034 2487 2076 nihil

210 2111 323 2153 aliud
354 2111 497 2161 audis,
528 2110 611 2152 nisi
640 2110 713 2151 illo
743 2113 935 2163 tempore
966 2112 1103 2151 artem
1133 2112 1175 2150 et
1206 2123 1378 2162 operam
1407 2108 1585 2149 Pindari
1615 2108 1938 2161 angustioribus
1970 2107 2194 2148 etiamtum
2232 2107 2390 2148 finibus
2420 2107 2487 2148 in-

208 2184 370 2226 clusam
400 2184 558 2234 fuisse,
596 2185 747 2237 utpote
777 2182 850 2235 qui
879 2183 923 2223 in
955 2181 1189 2224 sacerdotis
1220 2183 1262 2222 et
1294 2181 1540 2234 eupatridae
1569 2181 1662 2223 loco
1694 2184 1888 2223 retentus
1919 2180 2109 2221 nondum
2141 2194 2231 2221 sese
2262 2180 2487 2221 extulisset

211 2256 262 2298 ad
293 2271 506 2298 summum
537 2255 664 2297 officii
695 2258 737 2297 et
769 2255 956 2295 muneris
996 2254 1242 2307 fastigium,
1283 2256 1333 2294 ut
1363 2257 1499 2295 artem
1531 2269 1653 2295 suam
1683 2254 1871 2294 divinam
1907 2253 1992 2294 toti
2023 2252 2281 2294 Graecorum
2320 2252 2488 2294 nationi

210 2328 353 2369 deberi
384 2328 464 2368 sibi
494 2328 689 2369 conscius
720 2329 844 2369 esset.
902 2326 1124 2380 Ejusmodi
1154 2341 1291 2379 nugas
1329 2327 1540 2379 interpres
1572 2326 1878 2368 audacissimus
1910 2325 1955 2365 in
1985 2325 2202 2379 publicum
2241 2324 2364 2366 edere
2401 2339 2489 2366 non

210 2401 391 2442 erubuit.
450 2400 510 2441 Ut
541 2400 719 2453 denique
750 2399 905 2450 videas,
936 2399 1086 2452 qua-nti
1117 2414 1165 2440 ea
1195 2398 1390 2440 facienda
1420 2399 1520 2449 sint,
1557 2413 1664 2452 quae
1684 2398 1947 2440 Schmidtius
1970 2398 2118 2439 multis
2140 2397 2244 2438 locis
2265 2397 2314 2438 de
2335 2397 2490 2451 imagi-

210 2487 314 2513 num
352 2487 432 2512 usu
469 2472 522 2514 ad
552 2487 754 2514 nauseam
785 2472 970 2525 profert,
1013 2474 1061 2512 ut
1092 2471 1241 2513 doceat
1281 2472 1418 2525 prima
1456 2472 1569 2513 vitae
1609 2474 1750 2513 aetate
1780 2472 1951 2524 poetam
1982 2473 2119 2512 artem
2149 2484 2270 2511 suam
2307 2470 2490 2511 maxime

210 2545 471 2598 imaginibus
501 2545 716 2586 illustrare
748 2544 922 2586 solitum
952 2559 1056 2595 esse,
1087 2544 1213 2586 simul
1237 2546 1285 2584 ut
1308 2544 1399 2597 ejus
1416 2543 1732 2597 interpretandi
1754 2543 1965 2584 rationem
1984 2556 2231 2596 cognoscas,
2255 2557 2304 2583 ea
2324 2542 2489 2592 addam,

214 2631 322 2669 quae
352 2617 405 2658 ad
435 2631 472 2658 v.
505 2620 528 2658 3
560 2631 619 2670 sq.
650 2616 884 2659 adnotavit.
942 2616 1178 2670 Postquam
1217 2617 1330 2657 enim
1367 2617 1590 2658 immemor
1620 2615 1837 2670 praecepti
1866 2615 1980 2656 illius
2012 2613 2075 2655 Ol.
2105 2614 2157 2665 V,
2192 2617 2214 2656 3
2247 2615 2337 2656 dati
2366 2629 2490 2669 prae-

211 2689 341 2740 misit,
373 2689 486 2743 quod
517 2690 753 2731 sexcenties
785 2689 900 2741 dicit,
931 2689 1165 2731 Pindarum
1196 2689 1561 2731 adolescentulum
1590 2689 1716 2730 initia
1744 2688 1981 2730 carminum
2020 2688 2229 2741 imprimis
2261 2687 2491 2742 magnifica

212 2759 462 2812 reddidisse,
506 2762 723 2815 vituperat
751 2763 912 2815 priores
951 2762 1229 2816 interpreteS,
1281 2762 1394 2815 quod
1431 2777 1470 2803 v.
1510 2761 1655 2804 αόιδᾶν
1693 2776 1788 2803 011111
1819 2775 1903 2802 300.
1940 2761 2127 2817 κρηπῖδα
2165 2759 2490 2813 conjunxerint3

213 2832 394 2885 pendere
432 2834 671 2888 genitivum
709 2835 854 2888 potius
892 2850 916 2876 a
945 2835 1087 2876 dativo
1121 2833 1317 2886 ἵπποισις
1356 2837 1529 2888 poetam
1569 2835 1682 2876 enim
1720 2834 1827 2875 velle
1868 2833 1986 2886 equis
2016 2832 2273 2883 carminum,
2315 2831 2403 2873 sive
2441 2834 2491 2873 ut

212 2907 363 2945 nostro
382 2920 574 2948 sermone
595 2909 693 2948 utar
711 2908 782 2950 ben
802 2906 1149 2962 &efungessroffem
1178 2906 1505 2948 fundamentum
1523 2907 1675 2961 jacere.
1717 2906 1801 2948 Vix
1823 2907 1936 2948 enim
1961 2905 2159 2948 credibile
2183 2918 2287 2956 esse,
2318 2906 2491 2956 poetam

215 2990 426 3018 summum
456 2979 646 3020 omnium
676 2979 957 3020 certaminum
985 2979 1243 3021 ludicrorum
1280 2979 1486 3021 vocabulo
1525 2982 1615 3021 tam
1654 2980 1856 3033 ambiguo
1895 2981 1938 3020 et
1969 2977 2183 3020 communi
2214 2977 2491 3030 significasse.

216 3046 454 3091 Praeclare!
512 3050 663 3092 Virum
695 3051 990 3093 doctissimum
1019 3052 1182 3106 fugisse
1213 3052 1413 3094 videntur
1444 3049 1507 3092 Ol.
1535 3051 1574 3093 X
1607 3055 1657 3094 62
1699 3053 1936 3109 χείρεσσιν,
1977 3055 2110 3093 ποσίν
2138 3065 2184 3092 τε
2213 3051 2282 3092 καὶ
2311 3048 2492 3102 ἅρμασιν
