2724 3518
1229 208 1289 252 27

129 345 253 388 modo
272 346 468 388 inciderit
484 346 528 387 in
546 348 788 399 peccatum:
820 344 975 387 ἕκαθεν
993 345 1067 401 γᾱρ
1086 344 1288 387 ἐπελθών
1306 343 1330 384 0‘
1356 346 1522 397 μέλλων
1544 346 1696 402 χρόνος
1723 344 1829 398 ἐμόν
1854 351 2103 399 καταίσχυιιέ
2128 347 2245 402 ,ea-‘113
2270 354 2390 405 χρέος

129 417 186 470 (v.
200 416 255 470 7).
295 417 476 460 Securus
493 418 633 459 factus
647 421 713 458 est
733 420 871 471 poeta,
895 418 1008 471 quod
1021 417 1108 459 dies
1125 417 1362 459 constituta
1375 417 1623 470 longissime
1641 419 1788 459 abesse
1809 417 2043 468 videbatur,
2075 422 2217 460 tamen
2242 421 2390 473 paula-

128 490 207 531 tim
230 491 600 544 appropinquabat
619 492 662 531 et
683 489 827 531 debito
846 490 1007 531 addidit
1029 489 1218 530 dedecus.
1267 487 1527 530 Schmidtius
1544 488 1660 544 βαθῦ
1680 494 1799 542 χρέος
1820 503 1986 544 quoque
2006 491 2112 532 male
2130 492 2389 546 interpreta-

129 564 212 603 tur.
259 562 370 604 Nam
389 577 522 616 neque
541 561 677 616 βαθύς
698 565 763 603 est
782 562 865 603 alto
881 562 928 603 in
948 563 1084 603 animo
1100 561 1268 612 infixa&
1291 561 1404 615 quod
1422 562 1529 603 male
1548 565 1693 602 tuetur
1711 560 1764 602 N.
1783 565 1821 610 4,
1842 565 1866 602 8
1884 561 2060 616 (βαθεῖα
2078 564 2191 621 φρήν
2206 565 2391 606 multum

129 634 306 685 differt),
329 634 401 675 sed
413 634 744 687 maynitudinem
760 634 889 676 debiti
905 634 1076 683 indicat,
1106 633 1218 687 quod
1235 647 1491 687 quamquam
1509 634 1691 674 multum
1711 634 1915 687 temporis
1936 635 1987 675 ad
2012 635 2255 677 diluendum
2274 637 2391 678 debi-

129 708 223 747 tum
238 709 388 760 poetae
407 706 553 747 datum
570 708 674 756 erat,
706 708 850 747 tamen
881 721 966 747 11011
993 706 1238 747 solvebatur
1267 705 1337 758 (ef.
1363 705 1499 760 βαθύς
1520 708 1667 759 κλᾶρος
1686 704 1749 747 Ol.
1771 708 1835 756 13,
1859 708 1941 757 62),
1966 722 2101 760 neque
2122 724 2158 749 v.
2176 713 2297 762 χρέος
2315 724 2392 763 per

130 779 347 832 prolepsin
377 778 747 831 interpretandum
777 782 854 819 est.
912 778 1016 829 Imo,
1047 792 1130 831 quo
1161 778 1226 818 die
1256 779 1512 831 promissum
1541 780 1585 819 in
1616 793 1659 820 se
1689 779 1869 832 recepit,
1904 794 1951 820 eo
1981 781 2074 834 ipso
2105 781 2169 822 die
2199 781 2391 823 debitum

129 851 337 903 suscepit3
376 849 489 903 quod
519 863 648 902 quum
680 853 845 892 statuta
871 851 936 891 die
966 865 1051 892 11011
1083 851 1278 899 solverit,
1321 850 1373 891 ad
1405 851 1594 892 debitum
1624 851 1785 892 addidit
1816 850 2006 893 dedecus.
2064 852 2211 906 Neque
2244 856 2391 895 tamen

129 923 325 976 desperat
354 924 493 975 poeta.
548 921 608 963 Ut
647 924 761 964 enim
798 938 869 964 aes
906 924 1091 964 alienum
1129 922 1388 963 reddendum
1425 923 1596 977 quidem
1634 926 1719 974 est,
1763 923 1929 964 debitor
1967 939 2065 965 vero
2106 939 2201 966 cum
2239 940 2390 967 usuras

130 994 291 1037 addidit
321 994 438 1035 omni
467 994 782 1048 vituperatione
812 996 1030 1045 liberatur,
1061 996 1124 1036 ita
1153 998 1280 1048 poeta
1310 996 1500 1037 debitum
1524 996 1690 1037 solvens
1717 1010 1868 1036 usuras
1893 996 2044 1037 addere
2067 997 2172 1048 vult,
2203 1001 2251 1039 ut
2275 998 2391 1039 vitu-

129 1066 393 1121 perationem
431 1066 652 1107 hominum
691 1068 880 1121 effugiat.
939 1066 1054 1116 Quae
1091 1082 1190 1109 vero
1234 1071 1335 1108 sunt
1364 1068 1459 1109 illae
1488 1070 1669 1109 usurae?
1724 1068 1793 1109 An
1825 1082 1991 1109 carmen
2023 1068 2290 1122 Olympicum
2319 1069 2390 1111 X?

129 1138 314 1180 Minime.
363 1137 444 1187 Qui
466 1139 577 1180 enim
605 1139 684 1181 hoc
715 1143 863 1181 votum
892 1143 1043 1194 poetae
1072 1139 1316 1190 audiebant,
1347 1155 1434 1181 11011
1464 1144 1710 1194 exspectare
1740 1143 1953 1194 poterant,
1984 1141 2064 1183 duo
2096 1142 2283 1183 carmina
2311 1156 2389 1195 pro

129 1225 215 1252 uno
244 1211 453 1264 promisso
485 1214 654 1265 poetam
684 1212 863 1262 misisse,
896 1212 968 1253 sed
997 1226 1148 1253 usuras
1179 1212 1278 1254 huic
1308 1213 1390 1266 ipsi
1420 1213 1598 1254 carmini
1627 1212 1792 1254 additas
1824 1216 1866 1254 et
1904 1213 2126 1267 adjunctas
2165 1215 2254 1255 fore
2295 1229 2391 1268 spe-

128 1284 294 1325 rabant.
344 1284 487 1337 Atque
516 1284 620 1326 haec
649 1284 911 1326 incrementa
940 1284 1139 1326 carminis
1169 1288 1244 1326 aut
1274 1285 1435 1338 majore
1466 1285 1629 1326 ambitu
1660 1288 1734 1326 aut
1766 1285 1926 1338 majore
1957 1285 2178 1340 diligentia
2204 1289 2246 1327 et
2268 1301 2391 1340 prae—

128 1357 292 1398 stantia
321 1360 519 1398 constare
549 1360 768 1410 poterant,
809 1372 990 1411 quorum
1029 1359 1229 1398 neutrum
1267 1357 1319 1398 ab
1357 1357 1436 1399 hoc
1476 1358 1659 1399 carmine
1695 1359 1828 1399 abest.
1886 1357 2017 1400 Plane
2054 1359 2189 1413 igitur
2226 1359 2391 1400 deletur

128 1428 336 1479 debitum,
378 1429 616 1482 ignominia
645 1432 689 1472 et
719 1429 897 1471 dedecus
927 1430 1105 1470 tollitur.
1165 1429 1246 1471 Sed
1276 1429 1356 1471 hoc
1387 1434 1514 1483 poeta
1542 1444 1630 1471 non
1660 1430 1819 1472 directo
1851 1445 2062 1481 sermone,
2103 1432 2174 1473 sed
2205 1432 2392 1486 imagine

128 1500 320 1542 adhibita
350 1501 472 1551 dicit,
512 1502 557 1543 in
596 1517 680 1556 qua
720 1501 968 1556 explicanda
1005 1503 1264 1556 interpretes
1304 1504 1487 1545 multum
1528 1504 1779 1553 haeserunt,
1822 1502 2081 1545 Schmidtius
2120 1505 2393 1558 naufragium

126 1574 241 1616 fecit.
315 1574 458 1616 Verba
506 1575 610 1617 haec
657 1577 780 1616 sunt:
836 1573 952 1628 ὅμως
995 1575 1041 1617 δὲ
1084 1576 1206 1617 λῦσαι,
1253 1575 1429 1623 δυνατός
1475 1574 1617 1626 ὀξεῖαν
1664 1574 1916 1631 ἐπιμομφὰν
1959 1591 2004 1630 γε
2048 1578 2168 1624 τόκος
2214 1575 2391 1632 ἀνδρῶν.

126 1650 205 1690 νῦν
243 1651 395 1704 ψᾶφον
430 1647 707 1700 ἑλισσομέναν
744 1646 832 1705 ὅπα
868 1651 978 1701 κῦμα
1015 1647 1291 1690 κατακλύσσει
1329 1651 1441 1703 ῥέον,
1487 1648 1574 1706 ὅπα
1611 1663 1658 1690 τε
1693 1648 1837 1691 κοινόν
1873 1649 1998 1703 λόγον
2047 1651 2173 1703 φίλαν
2218 1654 2393 1702 τίσομεν

127 1717 169 1767 ἒς
216 1719 338 1773 χάριν
385 1719 445 1771 (v.
489 1723 512 1760 9
532 1742 585 1747 -—
606 1721 692 1765 12).
766 1719 904 1761 Locus
952 1735 997 1761 re
1043 1735 1143 1761 vera
1190 1720 1463 1761 difficillimus
1512 1723 1589 1762 est.
1655 1723 1797 1775 Atque
1842 1721 2054 1771 dolemus,
2107 1721 2217 1775 quod
2264 1722 2392 1776 spatii

127 1793 318 1834 concessi
349 1792 583 1845 exiguitate
612 1792 907 1845 prohibemur,
950 1793 1120 1846 singula
1150 1794 1337 1834 virorum
1368 1793 1590 1835 doctorum
1621 1795 1845 1836 conamina
1884 1794 2131 1847 diligentius
2170 1808 2392 1847 exponere.

128 1864 266 1914 Quare
297 1865 403 1906 satis
431 1864 487 1905 sit
517 1865 745 1915 monuisse,
776 1879 912 1918 neque
943 1866 1147 1907 mutanda
1178 1880 1269 1907 esse
1299 1867 1426 1907 verba
1458 1870 1608 1919 poetae
1637 1868 1758 1909 libris
1796 1866 2100 1920 manuscriptis
2138 1869 2180 1907 et
2219 1867 2391 1908 scholiis

126 1937 308 1987 tradita,
348 1951 484 1990 neque
522 1940 622 1978 ante
661 1936 748 1995 ὅπᾳ
785 1952 880 1979 cum
919 1938 1089 1980 scholiis
1130 1939 1383 1992 quibusdam
1419 1941 1461 1979 et
1499 1939 1713 1981 Boeckhio
1751 1940 1909 1992 ἴδωμεν
1949 1940 2015 1980 vel
2057 1939 2191 1980 simile
2222 1939 2391 1993 aliquod

127 2010 302 2051 verbum
334 2008 589 2050 audiendum
619 2024 723 2051 esse.
779 2009 962 2052 Maxime
992 2011 1149 2052 arridet
1180 2011 1417 2052 Hermanni
1446 2011 1768 2066 interpretatio,
1799 2012 1868 2065 qui
1903 2012 2072 2065 ellipsin
2104 2012 2276 2053 statuit:
2317 2015 2393 2054 νῦν

126 2081 216 2140 ὅπᾳ
255 2099 310 2116 =
347 2085 422 2124 νῦν
461 2081 597 2132 ἔστιν,
633 2081 723 2141 ὅπᾳ
752 2100 806 2117 =
836 2086 911 2125 νῦν
949 2082 1083 2136 ἔστιν,
1122 2083 1251 2130 ὅπως.
1312 2082 1392 2124 Sed
1431 2098 1518 2125 non
1556 2084 1855 2125 necessarium.
1922 2084 2205 2126 Praemiserat
2244 2086 2391 2138 poeta:

128 2155 290 2196 Tamen
321 2169 451 2196 usura
479 2155 565 2195 vim
594 2155 723 2196 habet
753 2155 977 2197 solvendae
1006 2155 1032 2196 i.
1063 2171 1094 2197 e.
1127 2156 1400 2198 dimovendae
1421 2157 1596 2198 acerbae
1616 2157 1837 2198 hominum
1858 2157 2199 2211 vituperationis.
2253 2156 2391 2197 Facil-

126 2228 225 2269 lime
261 2227 396 2281 igitur
437 2227 660 2280 suppletur
698 2227 751 2269 ad
789 2243 827 2269 v.
866 2232 943 2270 νῦν
979 2229 1022 2270 id
1060 2229 1172 2282 quod
1211 2229 1261 2269 de
1299 2243 1430 2270 usura
1466 2229 1725 2282 praedicavit
1754 2233 1901 2283 poeta:
1946 2233 2020 2271 νῦν
2050 2229 2188 2281 (τόκος
2217 2228 2391 2275 δυνατός

130 2299 220 2342 ἐστι
249 2302 372 2343 λῦσαι
401 2298 688 2354 ἕπιμομφάν),
716 2299 804 2359 ὅπα
834 2303 912 2342 etc.
937 2300 1040 2354 jam,
1068 2301 1157 2354 jam
1181 2305 1334 2354 potens
1358 2304 1423 2343 est
1445 2302 1596 2349 (valet)
1624 2316 1752 2343 usura
1771 2302 1999 2343 dissolvere
2020 2302 2391 2355 vituperationem,

130 2373 243 2415 sicut
280 2372 393 2414 unda
430 2372 565 2413 fluens
603 2373 844 2414 volutatum
880 2373 1071 2426 lapillum
1109 2373 1343 2427 proluendo
1382 2373 1543 2423 aufert,
1591 2375 1701 2416 sicut
1747 2377 1791 2415 et
1835 2375 1918 2428 ipsi
1964 2378 2105 2416 totum
2155 2387 2392 2415 sermonem

131 2445 322 2487 debitum
361 2444 436 2496 (cf.
475 2444 713 2487 Mommsen
750 2446 803 2487 ad
842 2445 906 2487 Ol.
939 2445 1025 2487 VII
1064 2448 1137 2496 90)
1175 2447 1220 2487 in
1255 2446 1487 2500 jucundam
1526 2447 1711 2500 gratiam
1745 2447 2045 2501 persolvemus.
2112 2446 2222 2488 Tota
2258 2446 2393 2499 igitur

131 2517 392 2571 comparatio
432 2517 483 2559 ad
523 2518 609 2558 vim
650 2518 880 2560 dimovenda·
920 2522 958 2560 et
995 2519 1215 2570 auferendi
1249 2519 1448 2573 pertinet.
1513 2522 1657 2573 Atque
1701 2520 1885 2573 primum
1935 2519 2105 2572 quidem
2151 2519 2393 2559 illustratur

131 2590 409 2632 similitudine
438 2605 460 2631 e
489 2605 630 2632 rerum
658 2594 813 2633 natura
844 2594 1027 2645 sumpta,
1057 2595 1218 2645 quanta
1238 2593 1302 2634 vis
1323 2607 1477 2634 usurae
1495 2593 1573 2641 sit3
1604 2594 1652 2633 ut
1666 2592 1777 2634 enim
1798 2592 1967 2645 lapillus
1988 2591 2192 2633 torrentis
2213 2591 2393 2643 impetui

131 2663 329 2704 resistere
358 2663 573 2716 impotens
603 2663 761 2717 raptim
790 2664 996 2714 aufertur,
1026 2665 1088 2706 ita
1117 2664 1375 2719 vituperatio
1405 2679 1453 2706 eo
1482 2666 1574 2718 ipso
1605 2665 1812 2719 temporis
1842 2667 2059 2705 momento
2088 2663 2276 2712 tollitur,
2306 2677 2391 2716 quo

132 2735 299 2776 debitor
328 2750 479 2777 usuras
510 2736 642 2790 capiti
671 2736 841 2777 addidit.
898 2737 1062 2778 Deinde
1091 2737 1176 2778 ista
1204 2738 1268 2778 vis
1298 2752 1452 2779 usurae
1482 2737 1672 2791 exemplo
1712 2752 1733 2778 e
1773 2737 1862 2778 vita
1899 2737 2027 2778 allato
2064 2736 2290 2789 probatur:
2330 2735 2393 2776 ita

132 2822 186 2849 ne
216 2808 391 2850 minima
417 2808 588 2862 quidem
617 2809 873 2863 vituperatio
902 2810 948 2850 in
978 2810 1187 2860 debitore,
1223 2810 1297 2851 ubi
1326 2825 1499 2852 usuram
1529 2811 1612 2851 toti
1646 2824 1833 2851 summae
1872 2809 2085 2862 adjunxit,
2125 2807 2302 2858 residet,
2342 2810 2392 2848 ut

132 2880 223 2934 ipse
254 2883 405 2923 cuncto
436 2895 562 2934 quem
591 2882 768 2934 promisi
798 2897 991 2924 sermone
1030 2882 1169 2923 soluto
1208 2897 1294 2924 non
1332 2883 1469 2924 solum
1507 2883 1614 2924 liber
1648 2897 1718 2923 ero
1755 2883 1807 2923 ab
1846 2881 2107 2935 opprobriis,
2150 2880 2221 2921 sed
2263 2880 2392 2921 etiam

133 2953 318 3006 gratiam
353 2952 704 3006 jucundissimam
740 2954 868 2996 inibo.
925 2954 1196 3008 Vituperatio
1233 2955 1367 3008 igitur
1404 2955 1544 2996 usuris
1582 2957 1624 2997 et
1660 2954 1863 3006 facillime
1901 2956 1943 2995 ct
1980 2953 2177 3005 funditus
2211 2953 2390 2994 tollitur.

135 3023 247 3066 Ordo
279 3025 391 3066 enim
422 3026 733 3067 sententiarum
763 3026 831 3068 hic
872 3030 958 3068 est:
998 3027 1131 3070 Poeta
1168 3028 1386 3070 confessus
1425 3031 1538 3078 erat,
1581 3043 1624 3069 se
1652 3027 1909 3081 Agesidamo
1938 3026 2195 3079 promissum
2223 3039 2391 3067 carmen

135 3097 297 3140 debere.
354 3098 650 3151 Ambiguitate
686 3113 786 3141 vero
828 3100 941 3141 vocis
978 3105 1100 3157 χρέος
1138 3101 1321 3143 adducto
1351 3101 1389 3142 ei
1424 3101 1533 3143 aeris
1564 3100 1691 3142 alieni
1719 3100 1762 3140 in
1793 3101 1981 3140 mentem
2011 3098 2149 3149 venit,
2191 3098 2302 3139 unde
2338 3097 2391 3139 ad

1889 3172 1947 3214 4*
