2724 3518
1315 171 1343 215 3

190 307 497 360 quentissimus
528 308 653 350 testis
683 309 810 359 atque
848 307 1071 361 interpres.
1129 308 1180 350 In
1221 309 1301 351 hoc
1340 324 1425 350 uno
1464 309 1710 359 haerebam,
1752 312 1819 350 tot
1855 312 2028 363 tamque
2068 311 2255 353 eruditos
2300 316 2342 354 et
2383 328 2456 355 eos

189 379 487 432 sagacissimos
516 379 733 430 homines,
773 379 846 432 qui
885 381 985 420 ante
1016 379 1300 422 Schmidtium
1344 381 1433 422 vati
1462 381 1665 422 Thebano
1701 394 1871 434 operam
1910 382 2133 434 dederant,
2173 384 2278 425 nihil
2308 400 2454 428 eorum

188 451 416 501 invenisse,
448 467 518 494 eos
550 465 696 493 omnes
727 465 898 504 operam
919 455 1047 505 atque
1068 453 1207 494 oleum
1228 453 1473 506 perdidisse.
1517 452 1543 495 J
1547 468 1615 494 am
1638 453 1817 506 cupidus
1839 454 1929 507 ejus
1950 455 2011 495 rei
2033 470 2204 497 causam
2224 457 2454 511 indagandi

188 525 460 576 quaerebam,
499 523 756 577 quibusnam
784 522 1075 566 fundamentis
1105 524 1210 566 haec
1239 539 1350 566 nova
1387 526 1685 579 interpretatio
1715 525 1947 577 niteretur,
1986 528 2140 581 quibus
2173 543 2223 570 ex
2261 529 2453 571 fontibus

187 596 445 638 novissimus
474 596 686 649 interpres
719 595 971 648 sapientiam
1013 611 1130 638 suam
1171 597 1397 639 hausisset.
1455 598 1594 640 Eheu!
1645 612 1772 651 quam
1809 612 1983 651 gravem
2020 600 2154 641 malae
2191 601 2453 643 curiositatis

186 682 367 721 poenam
408 668 523 710 dedi!
592 667 677 709 Vix
717 667 830 708 enim
876 669 1076 710 extremis
1129 669 1276 722 digitis
1322 671 1553 723 attigeram
1601 670 1882 711 artificiosum
1928 671 2033 712 illud
2077 672 2332 722 aedificium,
2383 675 2452 716 vix

186 741 484 793 perscrutandi
513 755 639 783 causa
669 754 801 780 unum
830 740 1015 794 lapidem
1046 741 1094 782 de
1123 755 1198 782 suo
1225 741 1318 783 loco
1349 756 1584 792 moveram,
1628 757 1759 796 quum
1788 743 1874 783 labi
1905 743 2046 784 omnia
2077 749 2328 797 coeperunt,
2367 747 2453 788 labi

185 815 228 854 et
258 827 463 855 corruere.
521 813 613 854 Imo
644 815 909 853 evanuerunt
941 813 1083 854 subito
1115 814 1302 867 speciosa
1331 815 1405 855 illa
1436 815 1660 857 simulacra
1697 815 1851 856 somnii
1888 815 2045 866 instar,
2087 817 2250 857 somnia
2291 819 2453 860 scilicet

182 888 353 938 poetae,
392 885 584 939 jucunda
612 885 684 925 illa
714 884 885 937 quidem
915 886 1008 926 visu
1039 888 1166 939 atque
1205 886 1375 936 auditu,
1416 900 1521 939 quae
1560 887 1649 928 veri
1678 887 2001 928 similitudinem
2032 888 2246 941 quandam
2275 904 2376 943 prae
2407 906 2451 932 se

181 956 362 1008 ferrent,
409 958 480 999 sed
515 972 560 999 re
603 972 703 998 vera
737 957 883 997 inania
923 960 1051 1011 atque
1090 973 1220 1009 vana,
1269 973 1376 1012 quae
1415 959 1537 1000 firmo
1582 959 1861 1001 fundamento
1909 963 2112 1001 carerent.
2178 960 2238 1002 Ut
2280 963 2450 1004 mittam

181 1028 422 1082 imaginem,
454 1033 682 1084 postquam
712 1043 798 1069 uno
826 1029 917 1071 loco
949 1031 1243 1081 animadverti,
1273 1032 1552 1084 interpretem
1572 1031 1856 1082 Bonnensem,
1888 1036 1936 1073 ut
1961 1033 2235 1075 difficultates
2266 1034 2450 1086 tolleret,

183 1101 235 1142 ab
266 1102 438 1154 optimis
468 1103 552 1144 illis
583 1106 625 1143 et
655 1102 735 1143 fide
773 1101 1034 1154 dignissimis
1073 1103 1289 1145 veteribus
1327 1103 1634 1156 interpretibus
1674 1104 1727 1145 ad
1763 1119 1879 1146 mera
1916 1108 2156 1147 commenta
2193 1108 2235 1147 et
2274 1106 2450 1148 inventa

183 1176 426 1228 confugere,
453 1176 543 1229 jam
573 1176 668 1217 aliis
699 1189 866 1230 quoque
896 1177 1000 1219 locis
1031 1176 1221 1217 diffidere
1251 1177 1382 1229 coepi,
1413 1180 1461 1217 ut
1490 1176 1595 1217 nihil
1625 1192 1700 1230 pro
1731 1180 1846 1218 certo
1870 1177 2082 1228 haberem,
2113 1178 2198 1218 nisi
2231 1179 2342 1231 quod
2373 1183 2449 1221 aut

182 1248 358 1289 testium
389 1248 470 1289 fide
500 1248 727 1301 dignorum
757 1250 1015 1291 auctoritate
1044 1249 1262 1290 firmatum
1293 1251 1406 1289 esset
1445 1252 1520 1290 aut
1558 1249 1686 1290 verba
1723 1252 1874 1303 poetae
1908 1251 2001 1303 ipsa
2038 1250 2295 1302 flagitarent.
2355 1250 2448 1299 Quo

181 1321 343 1362 factum
373 1323 451 1370 est,
484 1324 532 1362 ut
562 1321 670 1362 libro
691 1321 983 1363 Schmidtiano
1015 1323 1171 1363 iterum
1202 1325 1330 1375 atque
1356 1321 1511 1362 iterum
1540 1322 1725 1375 perlecto
1747 1324 1790 1362 et
1812 1322 2054 1362 examinato
2079 1336 2215 1375 neque
2231 1322 2448 1377 Karajano

181 1393 341 1446 possim
372 1394 572 1435 assentiri
605 1393 841 1435 Schmidtio
872 1394 1039 1436 laudem
1070 1393 1306 1436 cautissimi
1336 1394 1576 1445 interpretis
1606 1394 1813 1435 tribuenti
1847 1408 1983 1447 neque
2022 1393 2212 1447 Kaysero
2251 1396 2449 1438 suadenti

179 1466 231 1506 iis
270 1467 487 1516 omnibus,
535 1466 608 1519 qui
651 1467 696 1507 in
740 1467 989 1508 interiorem
1036 1482 1132 1508 cum
1170 1480 1327 1520 magno
1352 1469 1497 1519 ‘poeta
1533 1466 1868 1508 familiaritatem
1905 1466 2066 1508 intrare
2104 1467 2258 1517 velint,
2309 1471 2357 1509 ut
2395 1469 2448 1510 ad

179 1537 404 1581 Schmidtii
433 1539 751 1580 lucubrationes
783 1553 910 1592 quam
939 1539 1121 1581 maxime
1151 1539 1316 1580 animos
1348 1539 1586 1580 advertant.
1636 1539 1741 1589 Imo,
1773 1539 2013 1592 quicunque
2044 1538 2276 1580 Pindarum
2307 1541 2444 1594 qualis

179 1614 244 1653 est
283 1625 538 1664 cognoscere
579 1612 749 1662 volunt,
797 1626 867 1653 eos
909 1627 997 1654 non
1033 1626 1208 1666 possum
1245 1626 1333 1653 non
1369 1626 1561 1663 monere,
1609 1615 1658 1653 ut
1696 1611 1979 1654 Sclemidtium
2015 1616 2207 1661 caveant,
2251 1614 2324 1666 qui
2362 1614 2445 1655 etsi

179 1684 360 1737 plurima
389 1685 660 1737 sagacissime
688 1684 932 1738 indagavit,
972 1685 1109 1726 multa
1138 1684 1288 1725 melius
1318 1699 1445 1737 quam
1474 1685 1635 1738 priores
1665 1685 1896 1734 intellexit,
1935 1684 2152 1725 nonnullis
2183 1686 2441 1727 carminibus

177 1756 434 1810 explicandis
476 1756 628 1797 eximia
666 1771 762 1798 cum
799 1757 924 1798 laude
959 1771 1131 1811 operam
1161 1756 1348 1807 navavit,
1379 1759 1523 1798 tamen
1554 1758 1800 1811 saepissime
1830 1757 1991 1799 incerta
2019 1770 2096 1809 pro
2128 1757 2254 1798 certis
2285 1758 2443 1810 posuit.

175 1827 285 1870 Nam
323 1832 366 1870 et
410 1829 584 1882 ingenio
624 1843 699 1870 suo
741 1829 921 1870 nimium
958 1829 1091 1870 fidens
1125 1831 1276 1882 poetae
1312 1830 1456 1882 potius
1495 1843 1622 1882 quam
1662 1830 1911 1883 interpretis
1951 1843 2124 1870 munere
2162 1828 2359 1882 fungitur
2398 1834 2443 1872 et

175 1901 370 1954 neglecto
400 1901 583 1943 maximo
614 1904 657 1942 et
687 1904 928 1955 temporum
948 1905 991 1943 et
1015 1915 1181 1942 morum
1206 1902 1460 1952 discrimine,
1492 1903 1604 1955 quod
1625 1902 1738 1944 inter
1758 1904 1973 1943 nostrates
1996 1905 2039 1943 et
2060 1905 2222 1943 veteres
2245 1902 2440 1953 interest,

175 1972 407 2015 Pindarum
444 1988 533 2015 non
571 1974 695 2015 aliter
740 1974 1073 2027 interpretatur,
1128 1990 1175 2016 ac
1223 1975 1257 2015 si
1305 1975 1533 2016 Goethium
1577 1980 1652 2016 ant
1695 1978 1943 2016 nostrorum
1989 1977 2212 2028 poetarum
2256 1975 2439 2027 aliquem

173 2047 413 2100 explicaret.
464 2046 525 2087 Ut
554 2061 644 2087 rem
674 2047 820 2099 paucis
851 2047 1081 2098 absolvam,
1108 2050 1206 2099 post
1237 2047 1495 2089 Triclinium
1524 2062 1638 2090 nemo
1668 2048 1713 2089 iu
1737 2047 1932 2089 Pindaro
1961 2046 2276 2099 interpretando
2305 2060 2438 2099 neque

174 2119 379 2162 audacius
408 2132 536 2171 neque
567 2118 780 2170 infelicius
808 2123 1000 2161 versatus
1030 2123 1094 2161 est
1124 2133 1250 2171 quam
1280 2119 1517 2173 Leopoldzcs
1547 2120 1820 2162 Schmidtius.

398 2192 462 2234 Ne
493 2206 593 2233 vero
623 2192 842 2234 menda-cia
866 2192 1031 2245 J‘actare
1061 2192 1222 2243 videar,
1260 2193 1350 2246 jam
1381 2193 1586 2234 maximos
1619 2192 1845 2235 Schmidtii
1874 2206 2035 2234 errores
2067 2193 2274 2234 enarrabo
2305 2195 2347 2233 et
2377 2193 2439 2234 ita

176 2265 375 2314 refellam,
407 2269 456 2307 ut
487 2265 612 2306 simul
641 2265 826 2319 perspici
855 2265 1007 2318 possit,
1038 2278 1165 2317 quam
1190 2278 1391 2317 perversa
1411 2269 1450 2307 et
1469 2267 1629 2307 incerta
1648 2264 1960 2317 interpretandi
1982 2265 2145 2306 ratione
2172 2265 2262 2317 ipse
2281 2268 2439 2307 utatur.

394 2339 537 2392 Atque
567 2338 751 2392 primum
782 2336 950 2390 quidem
982 2341 1114 2389 errat,
1153 2352 1283 2391 quum
1314 2341 1478 2379 veteres
1509 2342 1657 2392 poetas
1686 2338 1842 2392 lyricos
1873 2338 1925 2378 ad
1955 2352 2148 2379 normam
2178 2338 2438 2379 nostratium

173 2415 363 2461 revocat3

394 2486 509 2525 errat
546 2482 714 2534 deinde,
756 2497 888 2536 quum
925 2486 1075 2536 negat,
1117 2483 1259 2525 omnia
1299 2483 1475 2525 Pindari
1516 2484 1698 2538 epinicia
1735 2499 1760 2526 a
1797 2484 1932 2538 primo
1974 2497 2108 2536 usque
2148 2482 2198 2523 ad
2238 2483 2436 2524 ultimum

171 2555 316 2598 eadem
346 2557 451 2597 artis
481 2558 706 2610 praecepta
738 2555 857 2609 sequi
887 2557 929 2597 et
962 2555 1139 2596 eandem
1170 2556 1382 2597 sentiendi
1411 2556 1711 2610 cogitandique
1743 2557 1952 2598 rationem
1982 2555 2159 2603 referre3

395 2632 507 2670 errat
539 2628 730 2681 denique,
761 2642 891 2681 quum
922 2631 1010 2669 tres
1041 2629 1197 2670 statuit
1226 2628 1332 2670 artis
1361 2627 1610 2670 Pindaricae
1640 2632 1814 2670 aetates.

394 2700 631 2743 Schmidtio
651 2715 738 2742 non
759 2701 1090 2750 adversaremur,
1125 2700 1162 2741 si
1191 2701 1275 2742 isto
1301 2700 1410 2742 libro
1440 2701 1547 2742 nihil
1568 2702 1681 2743 aliud
1702 2703 1851 2744 docere
1872 2701 2011 2751 vellet,
2041 2714 2167 2754 quam
2194 2714 2246 2740 ne
2266 2702 2432 2742 veteres

169 2773 339 2828 quidem
362 2776 511 2827 poetas
542 2773 640 2815 inde
670 2774 724 2815 ab
746 2773 1014 2815 incunabulis
1038 2773 1161 2827 quasi
1192 2772 1336 2815 divino
1365 2774 1550 2827 quodam
1572 2775 1727 2829 spiritu
1758 2774 1926 2816 afflatos
1957 2788 2164 2814 summam
2194 2773 2300 2814 artis
2332 2787 2434 2815 suae

168 2847 479 2901 praestantiam
499 2846 750 2900 possedisse.
780 2845 885 2897 Imo,
907 2848 1155 2888 nostrorum
1177 2845 1399 2887 hominum
1422 2847 1579 2888 similes
1600 2847 1872 2900 ignorabant,
1898 2846 2130 2895 discebant,
2152 2845 2430 2896 conabantur,

168 2921 390 2970 errabant,
434 2933 595 2961 errores
628 2919 927 2969 emendabant,
970 2919 1022 2960 ab
1060 2918 1336 2960 inferioribus
1375 2919 1576 2972 gradibus
1615 2919 1720 2961 artis
1759 2922 1802 2960 et
1840 2918 2072 2972 sapientiae
2110 2917 2161 2959 ad
2192 2917 2430 2971 superiores

166 2992 462 3035 escendebant.
520 2990 602 3033 Sed
632 2991 712 3034 hoc
741 2992 976 3034 humanum
1007 2994 1084 3043 est,
1116 3006 1202 3033 non
1228 2990 1513 3033 Pindaricum.
1571 2991 1720 3046 Neque
1746 2990 2009 3033 Schmidtius
2039 2990 2120 3032 hoc
2150 2990 2287 3032 dicere
2317 2990 2431 3040 vult3

164 3067 288 3119 putat
317 3065 482 3119 potius,
520 3066 573 3107 iis
601 3077 707 3117 quae
735 3069 962 3118 supersunt
993 3064 1273 3115 carminibus,
1304 3077 1412 3117 quae
1442 3079 1575 3119 usque
1605 3064 1742 3106 adhuc
1782 3063 1834 3105 ad
1865 3078 1999 3104 unum
2029 3062 2192 3114 omnia,
2232 3063 2313 3104 etsi
2341 3077 2429 3104 non

1923 3139 1941 3176 1
1959 3134 1981 3159 *
