2724 3518
1230 207 1289 250 25

131 340 344 382 refutatur
385 355 522 395 neque
556 356 593 382 v.
624 344 676 382 86
707 356 788 395 sq.,
831 355 914 395 quo
952 343 1045 383 loco
1087 342 1264 383 tertium
1303 343 1633 395 comparationis
1672 358 1759 385 non
1800 345 1844 384 in
1882 346 2201 399 propinquitate
2241 351 2390 391 mortis

132 413 321 466 positum
352 416 436 462 est,
469 413 542 454 sed
571 414 616 453 in
647 427 696 454 eo
726 414 927 463 vertitur,
958 414 1071 468 quod
1101 414 1241 467 aliqua
1271 429 1389 467 spes,
1420 415 1471 456 de
1502 427 1585 468 qua
1611 415 1699 468 jam
1730 415 2053 469 desperabatur,
2095 419 2237 461 subito
2268 423 2311 461 et
2341 436 2391 462 ex

129 485 352 538 inopinato
381 488 475 526 rata
503 485 618 526 facta
647 488 724 526 est.

354 557 390 598 A
416 560 652 598 ceterorum
681 571 780 599 vero
810 558 1094 610 interpretum
1123 559 1288 600 ratione
1318 573 1444 611 quam
1468 560 1649 601 maxime
1668 559 1825 600 recedit
1843 560 2114 612 Schmidtius,
2145 565 2216 616 qui
2238 565 2391 606 trium-

131 628 284 681 phanti
314 643 386 670 ore
415 630 540 683 plane
571 643 681 670 nova
710 634 752 670 et
783 630 976 672 inaudita
1005 631 1263 671 vaticinatus
1294 645 1458 672 summa
1486 646 1581 673 cum
1611 632 1764 673 fiducia
1790 631 1893 673 haec
1923 633 1964 673 in
1995 634 2130 675 lucem
2161 636 2264 677 edit:

357 703 400 750 1)
433 716 601 742 carmen
631 702 776 755 paucis
807 702 931 743 modo
961 703 1176 743 mensibus
1213 706 1312 755 post
1352 706 1561 745 statuta-m
1591 704 1701 744 diem
1741 719 1764 745 a
1793 707 1920 757 poeta
1948 706 2121 747 missum
2154 712 2239 758 est,
2279 711 2391 751 certe

130 773 246 814 intra
274 774 435 827 priores
467 774 572 814 duos
604 788 739 814 annos
770 773 1021 827 olympiadis
1052 773 1255 823 LXXIV;
1283 775 1339 828 (p.
1368 776 1463 828 101)

353 843 400 896 2)
431 847 558 898 poeta
579 861 674 886 cum
687 847 943 899 Agesidamo
965 847 1124 887 victore
1148 850 1266 888 arcto
1287 847 1590 890 familiaritatis
1608 849 1776 890 vinculo
1799 849 2051 901 conjunctus
2073 855 2183 901 erat;
2214 852 2272 906 (p.
2294 854 2390 906 105)

356 915 401 969 3)
432 916 641 958 Pindarus
673 933 769 959 cum
798 919 1054 971 Agesidamo
1085 933 1177 960 eam
1206 920 1448 972 pactionem
1479 921 1650 970 fecerat,
1681 924 1730 961 ut
1760 924 1887 974 poeta
1917 923 2163 975 sponderet,
2207 940 2250 966 se
2281 926 2391 969 hanc

130 989 351 1030 victoriam
370 989 554 1030 carmine
575 991 928 1043 praedicaturum,
952 990 1247 1044 Agesidamus,
1280 1006 1322 1032 se
1342 994 1545 1045 proximis
1564 992 1794 1047 Olympicis
1815 993 1924 1034 ludis
1943 994 2096 1035 iterum
2112 996 2156 1036 in
2175 1001 2391 1040 certamen

130 1060 430 1102 descensurum
460 1076 571 1110 033ος
605 1063 662 1116 (p.
695 1064 795 1112 103)

351 1132 395 1185 4)
426 1148 596 1176 carmen
626 1135 729 1176 duas
759 1135 925 1176 fabulas
956 1136 1168 1186 continet,
1210 1150 1387 1189 quarum
1427 1138 1563 1191 major
1600 1141 1643 1179 et
1672 1138 1875 1192 primaria
1911 1153 2060 1192 parum
2095 1155 2189 1182 cum
2227 1143 2390 1196 reliquo

129 1206 313 1247 carmine
344 1207 575 1260 conjuncta
603 1210 686 1256 est,
727 1207 972 1249 secundaria
1008 1222 1106 1249 vero
1142 1212 1185 1249 et
1226 1209 1366 1249 minor
1402 1224 1498 1251 011111
1531 1211 1656 1251 rebus
1693 1211 1867 1252 victoris
1905 1212 2140 1253 arctissime
2170 1214 2389 1266 cohaeret3

128 1277 186 1332 (p.
219 1277 316 1330 108)

350 1354 393 1403 5)
424 1367 594 1394 carmen
623 1355 844 1394 cantatum
874 1356 939 1394 est
969 1353 1013 1393 in
1045 1352 1164 1394 Jovis
1196 1355 1478 1403 solemnibus;
1511 1355 1567 1408 (p.
1598 1354 1699 1408 112)

352 1424 396 1477 6)
428 1430 527 1478 post
557 1426 636 1468 1100
665 1440 834 1468 carmen
864 1427 917 1467 ab
947 1426 1092 1466 eodem
1124 1425 1252 1467 choro
1283 1426 1365 1467 alia
1395 1427 1593 1477 carmina,
1625 1429 1677 1468 ab
1708 1429 1800 1469 aliis
1829 1430 1968 1482 poetis
1999 1431 2169 1485 scripta,
2200 1432 2244 1472 in
2269 1431 2389 1474 Jovis

125 1496 292 1538 laudem
325 1497 493 1550 publice
523 1501 697 1540 cantata
727 1501 849 1547 sunt3
882 1497 943 1552 (p.
975 1496 1076 1549 111)

350 1570 392 1620 7)
425 1585 595 1611 carmen
633 1585 726 1612 sero
764 1571 943 1612 missum
980 1573 1065 1621 est,
1111 1570 1223 1623 quod
1258 1574 1385 1624 poeta
1423 1574 1466 1613 et
1500 1573 1659 1624 aliquid
1696 1576 1986 1628 praestantius
2018 1575 2155 1617 facere
2195 1577 2390 1619 voluerat

126 1641 187 1696 (p.
218 1642 292 1694 98)
323 1646 365 1683 et
400 1646 524 1684 tanta
557 1643 837 1685 admiratione
875 1646 1082 1696 tantoque
1120 1657 1262 1684 amore
1295 1643 1469 1685 victoris
1508 1645 1609 1687 flore
1643 1647 1885 1700 juventutis
1923 1648 2206 1702 pulcherrimo
2248 1650 2390 1691 ornati

126 1717 276 1768 captus
315 1718 426 1762 erat,
468 1718 515 1756 ut
552 1715 746 1768 longiore
784 1716 989 1768 temporis
1028 1716 1168 1768 spatio
1205 1730 1311 1769 opus
1349 1720 1482 1767 esset,
1521 1717 1653 1761 donec
1688 1723 1831 1761 mente
1869 1723 2038 1774 recepta
2067 1724 2216 1774 poetae
2248 1722 2388 1764 officio

125 1787 250 1840 fungi
279 1791 447 1840 posset3
478 1788 536 1840 (p.
568 1787 680 1840 116).

346 1858 447 1900 Noli
475 1874 574 1901 vero
602 1861 789 1911 credere,
831 1863 1047 1913 postrema
1077 1859 1358 1903 Schmidtium
1384 1863 1555 1916 jocandi
1586 1880 1712 1906 causa
1751 1865 1983 1915 addidisse3
2024 1867 2107 1909 imo
2138 1870 2261 1908 tanta
2293 1882 2390 1910 cum

124 1932 337 1986 gravitate
375 1935 584 1985 tantoque
621 1933 768 1974 ardore
807 1934 938 1974 animi
975 1934 1183 1986 loquitur,
1224 1938 1272 1974 ut
1310 1935 1450 1976 videas
1488 1937 1525 1977 ei
1554 1951 1650 1978 vere
1680 1952 1930 1990 persuasum
1961 1953 2072 1989 esse,
2114 1941 2284 1992 poetam
2314 1943 2388 1981 aut

125 2007 225 2048 ficta
253 2006 331 2047 tali
358 2005 480 2047 laude
500 2005 746 2058 Agesidami
774 2005 1113 2058 indignationem
1144 2007 1310 2060 placare
1340 2010 1382 2048 et
1413 2009 1638 2051 conciliare
1666 2010 1850 2052 voluisse
1881 2014 1955 2052 aut
1983 2026 2029 2053 re
2059 2026 2156 2053 vera
2186 2013 2389 2066 adspectu

124 2078 398 2132 pulcherrimi
427 2077 731 2119 adolescentuli
761 2081 903 2118 mente
934 2081 1105 2131 captum
1135 2079 1278 2120 fnisse.
1333 2079 1445 2121 Nam
1476 2084 1518 2122 et
1548 2097 1588 2135 p.
1617 2085 1712 2131 435,
1743 2097 1827 2136 quo
1848 2084 1942 2124 loco
1972 2084 2021 2124 de
2044 2083 2234 2126 Deinidis
2257 2086 2388 2138 Aegi-

125 2154 272 2201 netae,
302 2151 576 2204 pulcherrimi
599 2150 787 2203 juvenis,
818 2150 1013 2200 victoria,
1053 2151 1199 2192 eodem
1229 2153 1316 2193 fere
1347 2167 1444 2194 cum
1474 2153 1551 2195 hac
1580 2154 1825 2207 Agesidami
1855 2156 2033 2198 victoria
2061 2159 2252 2210 tempore
2281 2158 2389 2199 cele-

127 2224 269 2272 brata,
308 2223 522 2277 loquitur,
565 2223 617 2264 ad
647 2223 822 2264 eandem
854 2223 1112 2264 sententiam
1141 2225 1272 2274 redit,
1312 2228 1355 2266 et
1393 2225 1508 2267 1111110
1544 2226 1684 2267 10011111
1721 2226 1878 2269 diserte
1917 2229 1978 2270 ita
2008 2229 2211 2271 absolvit:
2258 2230 2389 2279 „alias

127 2298 298 2349 poetam
327 2296 602 2337 maturiorem
632 2298 674 2337 et
704 2295 1061 2348 praestantiorem
1091 2296 1368 2348 inveniemus,
1399 2299 1689 2340 amabiliorem
1717 2303 1976 2353 nunquam.“

349 2368 439 2409 Has
469 2368 638 2421 quidem
666 2367 850 2421 ineptias
881 2382 1079 2409 narrasse
1111 2369 1215 2410 satis
1253 2370 1355 2419 erit,
1394 2370 1653 2413 refutatione
1690 2372 1893 2425 indignae
1924 2377 2046 2423 sunt3
2086 2374 2158 2415 sed
2189 2375 2390 2427 quoniam

129 2440 351 2482 Schmidtii
380 2441 499 2490 liber,
531 2455 661 2493 quum
690 2440 875 2493 primum
904 2441 949 2481 in
978 2441 1115 2482 lucem
1145 2441 1315 2495 prodiit,
1346 2457 1371 2484 a
1401 2443 1659 2485 doctissimis
1680 2445 1781 2486 viris
1813 2450 1854 2487 et
1877 2446 2230 2499 ingeniosissimis
2253 2447 2388 2488 tantis

126 2513 322 2554 laudibus
353 2514 489 2554 elatus
520 2516 605 2561 est,
643 2514 983 2566 praetermittere
1014 2528 1099 2554 non
1130 2528 1377 2567 possumus,
1420 2517 1523 2569 quin
1561 2517 1714 2558 ceteris
1745 2521 1858 2559 certe
1899 2518 2146 2572 diligentius
2185 2519 2388 2573 inspectis

127 2585 375 2635 doceamus,
415 2599 542 2639 quam
571 2585 750 2626 infirmis
779 2600 827 2627 ac
856 2587 1001 2639 potius
1031 2587 1159 2627 nullis
1197 2587 1488 2630 fundamentis
1526 2589 1734 2631 nitantur.
1793 2591 1936 2644 Atque
1966 2605 2095 2644 quum
2126 2591 2388 2633 Schmidtius

129 2673 179 2700 ex
207 2658 346 2712 priore
376 2657 647 2712 potissimum
675 2661 797 2710 parte
826 2659 1025 2700 carminis
1057 2674 1133 2700 sua
1161 2660 1364 2711 hauserit,
1394 2660 1499 2703 haec
1527 2662 1573 2702 in
1603 2663 1895 2715 quaestionem
1924 2663 2115 2705 vocanda
2144 2666 2220 2705 est.

352 2730 487 2772 Primi
523 2730 719 2771 carminis
757 2745 904 2772 versus
943 2731 1117 2782 docent,
1163 2733 1411 2774 memoriam
1448 2735 1622 2776 victoris
1665 2738 1707 2776 et
1748 2736 1948 2788 promissi
1985 2736 2023 2776 ei
2057 2736 2145 2776 dati
2186 2750 2208 2776 e
2245 2739 2388 2777 mente

128 2807 279 2859 poetae
308 2803 524 2845 excidisse.
583 2801 720 2850 Quid?
763 2803 995 2845 excidisse?
1038 2805 1193 2846 clamat
1224 2804 1498 2857 Schmidtius,
1529 2807 1732 2849 excidisse
1763 2808 1801 2850 ei
1829 2807 2079 2849 mandatum
2104 2808 2388 2849 honorificen—

128 2877 365 2926 tissimum,
407 2878 456 2915 ut
486 2874 737 2928 olympicam
767 2876 990 2917 victoriam
1020 2879 1220 2918 caneret?
1259 2892 1390 2931 quum
1425 2882 1576 2932 poetae
1609 2880 1757 2932 juveni
1785 2881 1923 2933 prima
1952 2881 2115 2922 occasio
2146 2881 2246 2921 data
2275 2883 2388 2922 esset

129 2947 182 2989 ad
212 2961 456 3000 supremum
487 2948 590 2989 artis
622 2962 720 2990 suae
750 2950 928 3002 gradum
958 2949 1232 3000 escendendi,
1271 2950 1313 2990 id
1343 2964 1439 2992 eum
1469 2952 1649 2993 oblitum
1680 2967 1792 3002 esse,
1823 2952 1996 2993 minime
2025 2953 2254 2995 verisimile
2284 2966 2387 2994 esse.

129 3020 197 3061 Ad
227 3034 334 3074 quae
363 3020 616 3073 respondeo,
647 3035 773 3074 quam
801 3022 888 3063 late
916 3022 990 3063 illo
1019 3025 1212 3076 tempore
1241 3022 1379 3075 gloria
1407 3027 1558 3077 poetae
1583 3025 1672 3078 jam
1701 3026 1889 3077 patuerit
1918 3040 2054 3079 neque
2080 3025 2209 3067 alium
2240 3038 2387 3078 quem-

130 3105 256 3145 quam
293 3106 430 3146 neque
460 3091 741 3135 Schmidtium
781 3094 1073 3136 doctissimum
1115 3095 1254 3137 dicere
1290 3109 1440 3149 posse,
1482 3110 1613 3150 quum
1642 3098 1909 3152 ignorenmS,
1951 3101 2057 3151 quot
2089 3097 2277 3140 carmina
2306 3096 2386 3138 hoc

1917 3175 1943 3212 4
