2724 3518
1467 142 1495 185 6

345 291 492 334 Habet
530 290 643 331 enim
679 301 814 342 genus
852 286 1086 326 humanum
1120 283 1305 336 aliquam
1343 295 1544 334 agrorum
1573 279 1877 333 frugiferorum
1916 278 2256 326 similitudinem,
2295 275 2365 329 qui
2402 275 2617 317 interdum

348 364 512 417 impetu
542 360 724 415 quodam
752 359 902 399 innato
930 356 1054 397 fiores
1085 358 1128 396 et
1158 355 1322 396 fructus
1347 352 1633 407 amplissimos
1658 351 1816 399 ferunt,
1847 349 2063 391 interdum
2094 349 2391 391 intermittunt
2424 351 2467 390 et
2498 349 2617 401 quie-

349 439 495 485 scunt,
535 436 583 474 ut
611 446 745 473 novas
775 430 886 470 vires
917 428 1134 480 colligant.
1191 426 1315 467 Hanc
1345 424 1523 466 Pindari
1558 438 1650 465 esse
1689 422 1739 463 de
1778 421 1867 462 vita
1902 421 2089 463 humana
2124 421 2368 474 opinionem
2408 435 2495 462 non
2531 435 2617 462 uno

347 512 439 552 loco
462 507 673 561 prolatam
701 517 825 544 nemo
846 502 1032 555 ignorat,
1060 499 1132 553 qui
1161 499 1346 552 aliquam
1370 500 1521 552 poetae
1552 495 1775 537 scientiam
1796 493 1938 534 habet.
1987 492 2118 546 Cujus
2148 491 2362 546 opinionis
2389 492 2426 533 si
2448 492 2617 546 quaeris

348 595 517 625 causam
553 582 681 631 atque
719 575 948 628 originem,
985 587 1072 614 non
1101 571 1183 613 alia
1213 573 1278 612 est
1309 585 1436 624 quam
1472 569 1562 610 vita
1598 568 1712 622 ipsa:
1754 566 2008 620 quibuscum
2044 566 2157 607 enim
2186 569 2313 620 poeta
2351 565 2616 616 versabatur,

346 653 543 708 gentiles,
573 648 819 704 populares,
851 646 1062 699 aequales,
1104 644 1134 685 ii
1164 658 1310 685 omnes
1340 643 1444 684 adeo
1475 641 1584 682 nihil
1613 638 1792 694 proprii,
1824 637 1932 678 nihil
1960 637 2079 688 novi,
2116 638 2224 679 nihil
2252 638 2413 679 insueti
2441 652 2542 691 prae
2573 652 2618 679 se

344 725 561 773 ferebant,
603 725 652 762 ut
689 720 843 761 florum
881 722 923 759 et
961 717 1182 758 fructuum
1221 716 1410 770 ejusdem
1449 713 1612 756 arboris
1650 712 1789 752 instar
1826 710 1935 751 alter
1972 709 2147 750 alterius
2176 711 2327 751 similis
2365 712 2497 760 esset,
2536 710 2619 751 etsi

345 798 452 839 alter
481 796 663 838 alterum
692 784 971 845 amplitudine
1003 792 1079 830 aut
1108 790 1334 829 venustate
1365 789 1597 841 superaret.
1665 783 1776 833 Quid
1800 782 1975 832 mirum,
2017 782 2128 834 quod
2158 785 2285 835 poeta
2314 784 2404 836 ipse
2444 796 2619 823 suorum

345 869 493 927 similis
520 882 607 908 non
632 865 714 907 alia
737 863 969 917 cogitabat,
999 876 1087 902 11011
1118 861 1200 902 0110
1221 861 1545 914 pronuntiabat,
1576 872 1704 912 quam
1735 855 1878 905 ceteri,
1910 854 1992 896 etsi
2014 854 2262 896 venustiora
2286 856 2442 901 omnia,
2474 856 2619 897 omnia

343 942 529 990 meliora,
561 938 704 980 omnia
724 936 956 978 excelsiora
977 936 1020 975 et
1048 933 1299 987 augustiora
1329 933 1545 982 reddebat,
1578 930 1726 972 afflata
1756 931 1799 969 et
1828 927 1994 968 imbuta
2016 925 2160 967 divino
2191 942 2266 968 suo
2299 928 2465 982 spiritu.
2517 927 2618 969 Fuit

343 1015 456 1056 enim
493 1009 769 1066 ipserstirpis
813 1021 1043 1061 generosae
1083 1005 1437 1059 generosissimus
1470 1005 1570 1055 flos,
1616 1002 1743 1044 simul
1782 999 1976 1041 indicans
2008 1002 2050 1039 et
2088 998 2277 1040 referens
2306 1001 2617 1053 praestantiam

342 1086 464 1140 genti
503 1099 603 1126 suae
639 1083 854 1131 innatam,
898 1079 1023 1120 simul
1063 1093 1220 1119 ornans
1260 1080 1453 1131 gentem,
1497 1091 1594 1118 cum
1631 1075 1818 1128 prim‘um
1857 1071 2028 1125 singula
2067 1071 2170 1112 folia
2208 1071 2408 1114 idoneum
2445 1076 2616 1127 tempus

341 1161 469 1201 nacta
499 1155 858 1211 expandebantur.
916 1152 965 1193 Id
994 1165 1093 1193 vero
1122 1150 1278 1200 evenit,
1309 1164 1440 1203 quum
1470 1152 1622 1203 poetae
1652 1160 1826 1188 munere
1856 1144 1980 1197 fungi
2009 1147 2051 1185 et
2080 1143 2269 1185 carmina
2297 1144 2343 1184 in
2371 1145 2542 1198 publico
2573 1146 2617 1186 et

342 1232 489 1273 diebus
521 1229 644 1270 festis
676 1226 865 1268 canenda
895 1224 1033 1266 facere
1065 1224 1217 1277 coepit.
1276 1222 1343 1263 Ab
1373 1222 1444 1263 illo
1475 1224 1667 1274 tempore
1697 1218 1786 1259 fieri
1818 1219 1975 1271 potuit,
2006 1220 2054 1257 ut
2084 1231 2196 1258 nova
2225 1216 2367 1269 aliqua
2397 1217 2541 1259 foliola
2570 1218 2615 1259 in

341 1304 443 1345 flore
472 1303 565 1356 ipso
590 1314 722 1353 usque
751 1314 800 1340 00
830 1298 996 1339 inclusa
1024 1298 1264 1350 surgerent,
1297 1295 1379 1336 alia
1409 1295 1721 1335 marcescerent
1751 1292 1878 1343 atque
1900 1290 2155 1340 deciderent,
2187 1289 2259 1330 sed
2283 1289 2361 1330 flos
2391 1289 2481 1342 ipse
2504 1290 2616 1331 idem

340 1375 552 1423 manebat,
585 1373 718 1413 donec
744 1372 836 1413 dira
860 1385 989 1411 manu
1015 1369 1217 1422 abreptus
1249 1371 1326 1417 est,
1359 1367 1425 1408 vel
1454 1369 1504 1407 ut
1534 1365 1703 1418 abjecta
1726 1363 1914 1416 imagine
1941 1362 2089 1411 dicam,
2121 1362 2233 1416 quod
2261 1363 2414 1413 sentio,
2446 1377 2618 1404 carmen

341 1447 571 1501 Pythicum
612 1445 819 1487 decimum
857 1446 899 1485 et
937 1444 1156 1490 octavum,
1197 1440 1285 1481 sive
1322 1440 1506 1494 primum
1548 1441 1589 1479 et
1629 1439 1894 1491 postremum
1932 1449 2098 1484 eorum,
2141 1449 2248 1488 quae
2286 1435 2409 1476 nobis
2450 1437 2618 1476 servata

341 1522 462 1569 sunt,
493 1519 559 1560 vel
589 1518 624 1559 si
654 1518 765 1571 quis,
797 1516 910 1570 quod
939 1529 1028 1555 non
1057 1527 1181 1567 nego,
1221 1514 1266 1554 111
1296 1513 1377 1554 0110
1410 1511 1524 1553 01111(1
1553 1509 1787 1563 vestigium
1816 1511 1891 1549 aut
1921 1507 2229 1549 adolescentiae
2267 1510 2342 1549 aut
2382 1507 2617 1549 senectutis

340 1591 561 1641 detexerit,
592 1590 772 1632 eundem
802 1589 907 1631 artis
939 1602 1105 1637 sonum,
1136 1585 1316 1627 eundem
1346 1584 1512 1626 dicendi
1543 1583 1736 1631 modum,
1775 1580 1956 1622 eundem
1986 1583 2222 1621 metrorum
2253 1595 2398 1627 usum,
2440 1579 2616 1621 eandem

340 1664 552 1706 sentiendi
575 1667 617 1705 et
637 1661 854 1715 cogitandi
876 1661 1100 1709 rationem,
1133 1659 1309 1700 eandem
1335 1658 1515 1711 (101110110
1535 1655 1845 1709 praestantiam
1868 1652 2114 1694 ostendunt.
2161 1653 2209 1693 Id
2234 1667 2333 1694 vero
2357 1651 2617 1694 Schmidtius

339 1741 481 1791 negat.
539 1736 821 1784 Quamobrem
849 1733 1050 1788 quoniam
1077 1732 1266 1772 officium
1291 1745 1387 1771 eum
1409 1728 1625 1770 refutandi
1651 1727 1929 1780 suscepimUS,
1962 1740 2089 1779 opera
2115 1729 2157 1766 et
2179 1726 2323 1766 labore
2345 1725 2618 1778 supersedere

338 1824 423 1851 non
454 1823 694 1863 possumus,
725 1808 828 1860 quin
857 1805 1116 1848 carminibus
1148 1803 1330 1856 singulis
1356 1801 1606 1856 diligentius
1637 1799 1843 1853 inspectis
1870 1798 2106 1847 doceamUS,
2137 1804 2298 1852 quanto
2330 1798 2395 1838 vir
2420 1798 2616 1840 doctissi-

338 1897 432 1923 mus
474 1895 614 1923 errore
657 1883 865 1921 teneatur.
935 1877 1018 1920 Sed
1059 1876 1171 1931 quod
1212 1876 1341 1930 spatii
1378 1874 1615 1927 exiguitate
1654 1871 1933 1925 impedimur,
1981 1871 2208 1925 quominus
2248 1871 2390 1912 omnia
2428 1871 2618 1912 carmina

337 1968 656 2008 persequamur,
688 1953 791 1994 satis
822 1952 878 1993 sit
909 1966 957 1992 ea
987 1953 1172 1998 tantum,
1204 1963 1310 2001 quae
1336 1946 1598 1989 Schmidtius
1630 1945 1790 1999 primae
1815 1943 1990 1984 Pindari
2020 1943 2153 1984 aetati
2182 1943 2400 1993 adscribit,
2432 1943 2619 1984 breviter

337 2028 567 2075 tractasse,
599 2025 711 2079 quod
741 2028 784 2065 et
814 2038 1015 2065 numerus
1046 2036 1192 2064 eorum
1223 2020 1327 2061 satis
1358 2033 1540 2072 magnus
1573 2021 1657 2068 est,
1697 2020 1746 2058 ut
1776 2017 1874 2057 inde
1907 2015 2134 2058 Schmidtii
2165 2016 2274 2057 ratio
2304 2015 2618 2069 interpretandi

338 2099 537 2152 cognosci
564 2098 712 2152 possit,
745 2100 787 2137 et
816 2097 907 2149 ejus
934 2096 1084 2137 divisio
1112 2095 1244 2135 trium
1275 2096 1467 2134 aetatum
1499 2090 1648 2132 statim
1679 2092 1850 2131 corruat
1881 2103 2053 2130 necesse
2080 2091 2158 2138 est,
2191 2088 2226 2129 si
2251 2088 2356 2129 mihi
2386 2088 2618 2142 contigerit

337 2172 529 2224 probare,
561 2186 610 2212 ea
640 2185 746 2224 (11100
769 2169 1030 2211 Schmidtius
1061 2165 1367 2209 adolescentuli
1394 2163 1569 2205 Pindari
1598 2162 1773 2216 propria
1801 2176 1892 2203 0880
1922 2160 2153 2211 contendit,
2186 2175 2281 2202 cum
2313 2160 2438 2202 solito
2465 2162 2618 2214 poetae

337 2258 453 2285 more
484 2243 643 2297 optime
674 2256 918 2296 congruere.

562 2315 735 2369 Septem
767 2329 863 2356 vero
896 2313 1083 2356 carmina
1113 2311 1177 2362 (P.
1203 2310 1255 2360 X,
1286 2310 1362 2359 VI,
1394 2309 1491 2359 XII,
1524 2307 1622 2358 VII,
1654 2306 1718 2349 Ol.
1749 2307 1801 2358 X,
1833 2307 1908 2357 XI,
1939 2306 1991 2348 N.
2021 2305 2079 2357 V)
2111 2306 2272 2359 primae
2303 2306 2435 2347 aetati
2465 2308 2616 2358 poetae

337 2389 611 2430 attribuenda
647 2403 738 2429 esse
783 2389 944 2436 censet,
988 2385 1038 2426 de
1081 2385 1235 2438 quibus
1272 2384 1335 2424 ita
1373 2383 1580 2431 (1100111118,
1622 2385 1671 2422 ut
1707 2380 1905 2422 refutatis
1947 2378 2174 2421 Schmidtii
2213 2379 2426 2420 erroribus
2467 2393 2617 2420 verum

338 2464 490 2515 poetae
521 2461 745 2502 consilium
775 2460 1045 2501 enucleantes
1077 2457 1368 2497 demonstrare
1407 2454 1676 2503 studeamus,
1714 2453 1818 2495 haec
1857 2452 2046 2494 carmina
2083 2451 2259 2493 eandem
2295 2466 2421 2505 quam
2452 2451 2617 2505 reliqua

336 2535 472 2574 artem
513 2533 671 2574 referre
707 2532 940 2585 perfectam
979 2534 1020 2572 et
1060 2544 1156 2570 vere
1186 2527 1467 2569 Pindaricam.
1526 2526 1591 2568 Ne
1630 2529 1776 2567 tamen
1813 2526 1856 2566 in
1887 2525 1999 2566 idem
2037 2524 2190 2565 vitium
2228 2524 2485 2574 incidamus,
2531 2537 2614 2577 quo

338 2603 563 2646 Schmidtii
597 2606 704 2646 liber
738 2605 925 2653 laborat,
968 2603 1091 2644 utin
1123 2601 1304 2654 singulis
1348 2600 1440 2641 odis
1480 2599 1741 2653 explicandis
1783 2598 1951 2639 easdem
1993 2612 2060 2638 res
2098 2597 2255 2638 iterum
2293 2600 2421 2650 atque
2457 2596 2615 2636 iterum

337 2681 580 2730 repetentes
605 2679 842 2732 legentium
865 2677 1028 2719 animos
1050 2675 1281 2728 fatigemus
1305 2675 1349 2714 et
1367 2672 1509 2714 taedio
1531 2672 1781 2721 afficiamus,
1799 2671 1891 2724 jam
1911 2685 1971 2720 ea,
2003 2684 2110 2723 (11100
2133 2670 2330 2711 omnibus
2352 2668 2614 2711 carminibus

337 2750 389 2791 ab
427 2751 740 2792 adolescentulo
780 2749 964 2791 Pindaro
1002 2748 1206 2802 profectis
1245 2746 1487 2788 communia
1528 2745 1730 2786 dicuntur
1772 2759 1886 2793 esse,
1930 2743 2334 2797 comprehendemus
2379 2744 2421 2783 et
2467 2740 2613 2795 paucis

337 2822 637 2875 transigemus.

560 2894 695 2943 Quam
725 2895 890 2936 incerta
919 2909 968 2935 ea
999 2894 1099 2943 sint,
1143 2906 1250 2946 quae
1281 2890 1544 2933 Schmidtius
1576 2890 1738 2942 primae
1771 2889 1905 2931 aetati
1935 2889 2108 2943 propria
2137 2902 2229 2930 esse
2262 2886 2495 2936 contendit,
2523 2886 2614 2940 jam

336 2965 436 3006 inde
477 2971 674 3020 apparet,
725 2967 837 3021 quod
885 2966 1112 3020 respiciens
1163 2965 1215 3006 ad
1262 2967 1425 3017 septem
1472 2962 1609 3016 prima
1652 2962 1841 3004 carmina
1878 2961 1927 3003 de
1975 2960 2274 3012 familiaritate
2324 2962 2471 3012 poetae
2521 2971 2614 3002 cum

336 3038 564 3081 victoribus
612 3041 735 3090 dicit,
796 3054 891 3081 eum
936 3039 1070 3080 videri
1113 3037 1218 3079 satis
1265 3038 1431 3077 mature
1476 3035 1666 3088 hospitio
1718 3049 1814 3077 cum
1866 3034 2090 3088 Aeginetis
2140 3033 2418 3086 conjunctum
2467 3031 2612 3073 fuisse.
