2724 3518
1330 147 1360 191 8

211 289 394 338 illorum,
425 291 473 328 ut
505 287 550 326 in
579 286 708 326 verba
737 285 1043 338 magistrorum
1072 287 1231 326 temere
1256 285 1416 338 jurent.
1459 285 1554 327 Hoc
1573 286 1619 326 in
1639 283 1874 324 Pindarum
1903 284 2051 325 cadere
2073 286 2116 324 et
2137 283 2292 336 ipsum.
2344 283 2485 332 Quum

212 361 325 402 enim
348 360 462 400 inter
482 358 709 411 optimates
733 356 1036 398 Thebanorum
1057 356 1232 407 viveret,
1264 358 1302 398 ei
1321 372 1573 410 persuasum
1593 356 1738 404 fuisse,
1770 356 1977 408 optimam
1999 356 2061 396 rei
2080 355 2274 408 publicae
2304 355 2486 398 formam

213 448 305 475 eam
335 446 426 472 esse
451 429 736 483 judicandam,
769 429 841 469 ubi
871 443 1001 482 penes
1031 429 1245 482 principes
1278 444 1443 471 summa
1472 443 1615 470 rerum
1645 429 1770 477 esset,
1801 427 1924 480 plebe
1954 427 2123 469 obedire
2149 429 2307 469 coacta.
2350 416 2485 476 Quam

212 502 454 558 opinionem
505 517 602 543 eum
647 501 832 543 indicare
875 502 921 542 in
958 501 1116 554 Pythio
1163 501 1345 552 decimo,
1394 501 1507 555 quod
1544 501 1701 541 mirum
1739 502 1949 552 quantum
1995 499 2125 540 distet
2171 514 2196 540 a
2231 498 2389 552 Pythio
2427 501 2485 552 II,

212 582 433 619 maturum·
457 574 721 616 corroborati
751 575 793 614 et
824 573 938 614 vitae
968 573 1334 614 vicissitudinibus
1372 573 1511 614 edocti
1546 575 1699 626 poetae
1739 570 1944 624 judicium
1981 571 2206 612 referente.
2272 571 2340 612 Ad
2378 587 2486 626 quae

211 646 573 702 respondendum,
623 660 730 699 quae
778 646 869 699 jam
918 660 1047 699 snpra
1093 645 1412 695 admonuimus,
1468 644 1751 686 Schmidtium
1805 657 1943 684 mores
1988 643 2261 697 antiquitatis
2311 645 2485 697 penitus

210 722 420 774 ignorare.
470 719 610 760 Aliter
640 721 755 760 certe
782 719 948 759 locutus
979 720 1105 766 esset,
1138 717 1174 757 si
1202 718 1346 770 legum
1369 716 1700 758 Atheniensium
1729 729 1891 756 memor
1919 715 2084 765 fuisset,
2116 716 2349 757 secundum
2380 730 2485 770 quas

212 793 550 837 adolescentibus
582 790 808 832 vicenariis
820 791 881 832 ,111
924 790 1171 831 concionem
1208 791 1355 844 populi
1393 790 1555 830 intrare
1592 788 1724 830 licuit.
1781 786 1920 828 Multo
1958 788 2071 828 enim
2108 788 2319 829 maturius
2360 803 2488 842 quam

209 867 332 909 hodie
362 869 526 906 veteres
558 863 700 905 officia
730 863 899 916 publica
937 863 1052 903 obire
1092 865 1134 903 et
1175 877 1264 903 rem
1303 862 1518 916 publicam
1553 874 1770 914 capessere
1811 860 2019 900 solebant.
2079 859 2239 908 Quodsi
2276 863 2404 914 poeta
2442 862 2488 902 in

211 940 395 983 carmine
425 936 584 990 Pythio
614 935 664 976 X.
696 935 971 989 optimatium
1001 935 1179 976 consilia
1209 935 1387 988 probat,
1428 949 1515 975 non
1551 933 1710 974 alienas
1741 932 1964 986 opiniones
2004 933 2216 986 sequitur,
2256 934 2328 974 sed
2368 948 2489 974 3113111

210 1012 468 1056 sententiam
502 1009 677 1049 indicat.
735 1006 884 1061 Neque
926 1022 973 1048 ea
1012 1009 1281 1060 repugnant,
1331 1021 1439 1060 quae
1485 1005 1795 1059 posterioribus
1837 1005 2102 1057 temporibus
2141 1005 2191 1045 de
2231 1020 2276 1046 re
2314 1006 2486 1058 publica

209 1086 328 1134 dixit.
359 1097 489 1137 quum
519 1082 571 1122 ab
602 1080 874 1134 optimatium
904 1080 1098 1133 partibus
1133 1094 1300 1132 semper
1331 1082 1476 1120 staret.
1529 1077 1611 1119 Sed
1640 1078 1682 1117 in
1716 1077 1857 1118 verbis
1889 1077 1980 1129 ejus
2011 1076 2346 1130 interpretandis
2377 1079 2483 1120 duae

208 1175 273 1202 res
304 1154 592 1199 observandae
623 1155 745 1193 sunt:
777 1152 888 1193 Nam
918 1166 1005 1193 non
1034 1153 1179 1194 eadem
1210 1168 1276 1194 res
1307 1156 1386 1202 est,
1417 1157 1563 1192 utrum
1593 1149 1704 1203 apud
1729 1150 1910 1202 gentiles
1933 1151 2008 1190 aut
2030 1149 2187 1190 amicos
2211 1149 2481 1193 Thessalicos

209 1233 341 1279 dicat,
389 1244 443 1270 an
481 1226 593 1280 apud
631 1225 863 1266 Hieronem
900 1226 1134 1277 tyrannum
1173 1225 1535 1279 potentissimum.
1597 1223 1793 1263 Alterum
1823 1237 1922 1263 vero
1953 1236 2040 1262 non
2070 1222 2246 1263 minoris
2276 1224 2483 1265 momenti

208 1309 295 1346 est:
355 1302 457 1350 Quis
489 1301 576 1349 est,
617 1298 718 1351 quin
760 1297 884 1347 sciat,
928 1301 1134 1350 quantam
1172 1298 1286 1339 inter
1316 1298 1501 1339 Graecos
1539 1295 1650 1336 bella
1688 1294 1852 1336 Medica
1890 1298 1933 1336 et
1972 1309 2114 1335 rerum
2153 1298 2195 1336 et
2230 1296 2480 1348 opinionum

208 1375 490 1419 mutationem
525 1371 734 1412 fecerint?
792 1369 1021 1411 Dorienses
1059 1370 1173 1411 enim
1212 1373 1253 1411 et
1287 1369 1420 1411 Jones
1460 1383 1591 1421 quum
1629 1371 1729 1409 ante
1775 1368 1934 1408 bellum
1980 1382 2075 1409 cum
2113 1366 2262 1408 Persis
2312 1372 2482 1422 gestum

209 1448 434 1491 admodum
462 1459 571 1485 raro«
590 1443 840 1484 commercio
871 1443 985 1483 inter
1016 1458 1060 1484 se
1091 1443 1311 1497 conjuncti
1342 1444 1498 1489 essent,
1532 1441 1614 1481 sibi
1644 1441 1825 1481 invicem
1851 1441 2143 1481 obtrectantes
2168 1440 2293 1481 alteri
2324 1441 2481 1482 alteros

209 1522 349 1563 minus
391 1532 522 1571 aeque
562 1520 603 1557 et
637 1516 755 1569 juste
788 1515 1051 1568 judicabant.
1122 1515 1424 1556 Abhorrebant
1463 1514 1575 1555 enim
1617 1513 1890 1554 Doriensium
1928 1513 2059 1553 animi
2097 1513 2149 1553 ad
2189 1512 2480 1567 principatum

211 1593 573 1635 nobilissimarum
603 1588 797 1642 gentium
827 1587 1056 1629 assuefacti
1083 1588 1134 1629 ab
1160 1587 1322 1629 Jonum
1346 1587 1542 1641 populari
1569 1586 1755 1634 civitate,
1788 1600 1993 1626 novarum
2021 1600 2161 1625 rerum
2186 1585 2482 1638 cupidissima3

208 1667 274 1707 his
306 1664 478 1705 minime
508 1662 772 1715 probabatur
801 1659 969 1701 illorum
998 1660 1221 1701 fastidium
1251 1664 1293 1701 et-
1325 1675 1478 1714 parcus
1508 1658 1745 1699 liberalium
1787 1658 1944 1698 artium
1981 1658 2133 1699 cultus.
2190 1658 2251 1699 At
2290 1659 2333 1699 111
2369 1673 2483 1700 com-

209 1753 335 1781 mune
365 1735 601 1790 periculum
643 1749 665 1774 a
696 1732 837 1773 Persis
876 1733 1016 1773 vocati
1051 1748 1182 1786 quum
1221 1733 1265 1773 in
1307 1732 1584 1774 nobilissimis
1624 1731 1782 1784 pugnis
1821 1735 1863 1771 et
1903 1731 2107 1771 virtutem
2145 1734 2187 1772 et
2229 1731 2483 1784 sanguinem

209 1809 595 1857 commiscuissent,
643 1811 792 1847 mutua
839 1805 1121 1846 admiratione
1161 1805 1301 1846 affecti
1341 1805 1465 1845 alteri
1504 1805 1739 1845 alterorum
1778 1803 1959 1844 virtutes
2006 1818 2094 1844 non
2140 1806 2341 1856 poterant
2393 1818 2480 1844 non

210 1895 450 1936 agnoscere.
508 1880 559 1920 In
607 1893 691 1932 quo
739 1878 806 1919 cui
851 1892 938 1919 non
984 1878 1029 1918 in
1074 1881 1264 1919 mentem
1309 1878 1454 1918 veniat
1493 1877 1642 1917 similis
1681 1876 1991 1917 Germanorum
2037 1876 2247 1925 conditio,
2301 1890 2483 1928 quorum

212 1952 568 2009 septentrionales
600 1956 642 1992 et
672 1951 966 1992 meridionales
999 1954 1149 2004 gentes
1181 1965 1277 1992 cum
1309 1964 1473 1990 summo
1504 1949 1727 1990 universae
1758 1948 1922 2002 patriae
1953 1947 2107 1988 damno
2138 1962 2213 2001 per
2241 1950 2309 1988 tot
2346 1948 2484 1989 lustra

210 2026 479 2080 iniquissima
509 2024 793 2065 aemulatione
824 2027 866 2064 et
896 2023 1057 2064 invidia
1086 2024 1300 2064 distentae
1330 2022 1514 2074 injustas
1545 2022 1727 2062 invicem
1757 2020 2076 2062 criminationes
2108 2023 2150 2061 et
2189 2021 2481 2062 accusationes

205 2100 451 2154 jactabant,
495 2097 627 2138 donec
663 2097 813 2138 bellica
854 2096 1046 2137 tonitrua
1087 2100 1293 2149 utrosque
1332 2096 1376 2135 in
1415 2108 1587 2147 campos
1625 2094 1837 2135 Alsaticos
1878 2093 1930 2133 ad
1981 2107 2248 2134 communem
2293 2093 2479 2146 patriam

209 2171 516 2214 defendendam
552 2169 775 2210 vocabant.
833 2168 931 2210 Jam
968 2169 1157 2222 insignia
1194 2169 1266 2209 illa
1305 2167 1482 2209 eximiae
1520 2166 1789 2207 fortitudinis
1829 2166 2087 2219 virtutisque
2130 2165 2385 2207 documenta
2427 2166 2480 2207 ab

210 2247 401 2299 utrisque
431 2243 544 2284 edita
575 2256 646 2283 eos
677 2243 896 2295 aequiores
928 2245 969 2283 et
998 2242 1202 2295 justiores
1234 2240 1498 2282 aemulorum
1524 2240 1687 2293 judices
1728 2239 1923 2280 reddidit.
1982 2237 2170 2279 Eandem
2189 2241 2355 2279 ‘autem
2394 2239 2480 2280 vim

208 2319 252 2359 111
285 2318 467 2359 Graecos
504 2316 668 2357 Medica
706 2315 816 2356 bella
858 2316 1121 2356 exercebant.
1181 2313 1341 2361 Quodsi
1374 2312 1585 2353 Pindarus
1622 2326 1790 2366 quoque
1829 2315 1928 2364 post
1967 2325 2157 2364 pugnam
2186 2309 2482 2352 Plataeensem

211 2391 376 2432 saniore
409 2393 452 2430 et
482 2389 736 2429 modestiore
762 2387 920 2440 judicio
951 2387 1102 2437 utitur,
1132 2387 1174 2427 id
1205 2387 1258 2428 ad
1286 2400 1430 2427 rerum
1460 2385 1726 2439 publicarum
1758 2385 2063 2434 mutationem,
2094 2398 2179 2425 11011
2212 2382 2264 2424 ad
2294 2386 2481 2425 aetatem

210 2467 360 2517 poetae
389 2461 674 2503 revocandum
704 2465 781 2502 est.

431 2534 667 2575 Metromm
696 2546 776 2574 usu
816 2533 1004 2574 carmina
1039 2531 1201 2586 primae
1239 2531 1371 2572 aetati
1409 2530 1622 2571 attributa
1657 2530 1830 2571 minime
1860 2545 1885 2571 a
1914 2529 2087 2583 reliquis
2118 2529 2333 2570 differunt.
2391 2530 2480 2571 Ad-

211 2608 411 2649 hibentur
453 2607 565 2648 enim
604 2606 749 2647 eadem
785 2606 866 2646 duo
906 2606 979 2646 illa
1017 2608 1251 2645 metrorum
1288 2617 1465 2656 genera,
1508 2602 1662 2655 quibus
1700 2601 1911 2643 Pindarus
1953 2603 2134 2643 maxime
2175 2602 2480 2645 delectabatur.

211 2679 321 2721 Nam
351 2679 396 2720 P.
418 2679 576 2736 X‚·V1,
607 2678 705 2727 VII,
737 2678 800 2720 Ol.
830 2679 892 2720 XI
921 2675 1436 2732 logaoedo-choriambico
1467 2677 1604 2715 metro
1636 2675 1797 2728 scripta
1817 2678 1941 2735 sunt,
1973 2675 2019 2716 P.
2042 2675 2137 2716 XII.
2178 2674 2242 2716 Ol.
2263 2675 2313 2716 X.
2353 2675 2404 2717 N.
2426 2675 2478 2717 V.

211 2752 603 2805 dactylo-epitritis
634 2742 950 2793 continentur..
980 2750 1142 2798 Quibus
1181 2762 1370 2789 summae
1412 2747 1519 2788 artis
1557 2749 1600 2787 et
1637 2748 1926 2800 praestantiae
1962 2748 2132 2789 laudem
2171 2762 2268 2789 cum
2298 2748 2370 2789 alii
2398 2748 2480 2788 viri

211 2824 325 2865 docti
353 2825 618 2874 tribuerunt,
657 2827 751 2865 tum
781 2839 834 2865 ne
865 2823 1124 2865 Schmidtius
1162 2821 1332 2875 quidem
1368 2835 1543 2874 prorsus
1581 2819 1790 2872 denegare
1827 2835 1956 2862 3113113
1994 2823 2079 2872 est,
2122 2821 2195 2874 qui
2224 2820 2314 2874 ipse
2352 2819 2480 2861 fateri

211 2896 399 2949 cogitur,
436 2897 646 2938 rationem
675 2899 719 2938 et
749 2899 885 2938 artem
914 2899 1147 2937 metrorum
1176 2894 1350 2935 omnino
1380 2893 1424 2933 in
1455 2891 1502 2932 P.
1532 2891 1572 2932 X
1602 2891 1779 2932 eandem
1809 2906 1900 2933 esse
1937 2908 2064 2947 quam
2093 2893 2139 2933 in
2167 2892 2476 2946 posterioribus

212 2966 483 3015 carminibus,
514 2982 769 3022 quamquam
797 2969 839 3010 id
870 2967 1179 3010 adolescentiae
1201 2966 1404 3008 indicium
1423 2964 1638 3005 invenisse
1658 2964 1739 3005 sibi
1758 2964 1941 3016 videtur,
1972 2965 2084 3019 quod
2103 2966 2234 3018 longa
2254 2964 2361 3005 arsis
2390 2978 2478 3005 non

212 3038 481 3080 dissolvatur.
538 3039 750 3082 Nimirum
780 3044 1082 3094 argumentum
1110 3039 1311 3081 carminis
1340 3039 1483 3091 ipsum
1512 3037 1782 3090 repugnabat
1807 3038 2105 3080 solutionibus.
2163 3036 2209 3079 Si
2237 3051 2337 3079 vero
2366 3037 2478 3078 idem
