2724 3518
1234 191 1293 234 17

126 327 267 369 culum
296 341 387 368 esse
417 326 518 368 dicit
543 326 860 380 Thrasybulum
891 327 983 369 ideo
1013 342 1109 369 cum
1138 327 1371 368 Antilocho
1400 327 1649 380 comparari,
1680 328 1794 381 quod
1824 328 1995 377 „eadem
2018 344 2101 383 qua
2122 333 2244 384 pater
2264 347 2394 386 equos

124 399 370 441 moderandi
393 399 587 440 ratione“
617 413 719 440 usus
747 399 816 450 sit,
848 402 1008 449 caveat,
1039 414 1092 441 ne
1117 400 1208 453 ipse
1228 400 1314 441 ista
1335 415 1411 441 sua
1433 399 1789 453 interpretatione
1813 400 1946 441 risum
1969 402 2204 455 legentium
2225 406 2395 447 excitet.

127 471 270 513 Verba
300 472 411 513 enim
439 486 476 512 v.
501 474 556 512 44
584 474 670 513 τῶν
699 474 775 513 νῦν
804 471 850 513 δὲ
877 473 945 513 καὶ
977 471 1275 528 Θρασύβουλος
1305 472 1508 528 πατρῴαν
1536 471 1717 525 μάλιστα
1748 471 1858 527 πρός
1888 475 2088 527 στάθμαν
2117 474 2191 531 ἔβα
2220 476 2394 518 minime

123 544 175 585 ad
204 544 415 585 rationem
444 544 578 597 patris
610 557 740 597 equos
778 544 1047 595 moderandi,
1085 544 1158 585 sed
1194 545 1245 585 ad
1285 559 1494 586 summam
1533 544 1706 585 omnino
1744 545 1880 597 patris
1918 548 1961 587 et
1998 548 2140 599 patrui
2187 548 2393 590 virtutem

123 617 351 670 pertinere,
382 616 535 658 docent
565 617 694 657 verba
722 630 760 656 v.
790 619 843 656 46
875 616 1024 671 πάτρῳ
1055 615 1093 657 τ’
1125 615 1413 672 ἐπερχόμενος
1442 615 1612 671 ἀγλαΐαν
1642 610 1825 657 ἅπασαν.
1886 616 2147 660 Xenocrates
2177 623 2319 661 autem
2350 624 2393 662 et

126 688 288 740 Thero,
329 688 586 741 Thrasybuli
615 691 738 742 pater
769 691 812 729 et
842 691 1041 742 patruus⁷
1076 689 1301 730 clarissimi
1339 689 1419 730 viri
1456 691 1579 730 erant
1617 691 1660 729 et
1690 703 1766 729 suo
1792 688 1887 741 jure
1917 704 2002 731 non
2034 706 2058 731 a
2087 690 2272 734 Pindaro
2304 694 2394 736 solo

120 761 303 811 laudati;
334 761 435 815 quid
459 761 571 813 quod
593 760 780 802 Theroni
810 763 980 802 mortuo
1012 776 1036 801 a
1064 761 1226 802 civibus
1257 762 1513 813 gratissimis
1542 761 1608 802 vel
1637 761 1814 802 heroum
1843 761 2027 803 honores
2059 766 2248 806 concessi
2279 770 2394 808 sunt.

120 833 316 875 Ceterum
356 833 719 887 comparationem
760 833 1018 886 Thrasybuli
1060 833 1233 886 aurigae
1272 849 1445 875 munere
1485 849 1561 888 pro
1601 836 1723 886 patre
1761 833 1983 887 fungentis
2024 850 2119 876 cum
2158 837 2391 881 Antilocho

119 908 285 959 patrem
314 920 409 947 cum
439 906 590 959 capitis
620 906 808 959 periculo
840 906 1094 947 defendente
1124 920 1212 947 non
1242 921 1415 959 prorsus
1446 908 1650 948 absonam
1680 920 1790 955 esse,
1832 906 1866 946 is
1899 906 2021 948 facile
2051 907 2279 961 fatebitur,
2319 912 2392 964 qui

120 978 322 1019 memoria
351 980 490 1028 tenet,
530 993 638 1032 quae
676 981 804 1032 poeta
841 978 1033 1031 plurimis
1072 978 1175 1019 locis
1214 978 1263 1018 de
1300 979 1516 1020 laboribus
1558 981 1601 1019 et
1626 977 1835 1030 periculis
1866 980 2146 1021 certaminum
2178 984 2391 1025 curulium

119 1050 222 1092 dicit
252 1050 323 1103 (cf.
353 1050 399 1091 P.
431 1054 469 1101 5,
502 1053 695 1091 32—34.
726 1049 947 1104 49—53.)

344 1123 426 1165 Sed
457 1123 692 1165 Schmidtio
722 1137 810 1164 non
842 1123 977 1164 solum
1015 1122 1165 1174 fabula
1202 1123 1301 1176 ipsa
1341 1124 1519 1165 carmini
1554 1125 1723 1166 intexta
1759 1124 1974 1177 displicet,
2018 1126 2090 1166 sed
2130 1127 2258 1168 etiam
2298 1141 2391 1170 cum

119 1196 281 1249 reliquo
310 1196 495 1238 carmine
523 1194 631 1237 male
661 1194 879 1236 cohaerere
908 1195 1087 1236 videtur.
1145 1194 1353 1237 Narratas
1385 1197 1497 1238 enim
1530 1212 1597 1238 res
1636 1196 1848 1250 mythicas
1887 1197 1989 1238 adeo
2027 1213 2114 1239 non
2156 1213 2390 1253 congruere

119 1283 214 1310 cum
245 1269 370 1310 rebus
401 1269 620 1318 humanis,
661 1270 711 1308 ut
749 1270 876 1320 poeta
913 1268 1006 1321 ipse
1035 1267 1268 1309 identidem
1299 1273 1354 1318 (v.
1387 1272 1460 1320 28,
1491 1273 1565 1319 40,
1597 1270 1667 1320 43)
1708 1269 1825 1309 velut
1864 1270 2059 1311 consulto
2105 1271 2391 1314 differentiam

117 1343 359 1394 temporum
388 1341 558 1382 indicet.
616 1340 665 1381 Id
690 1340 892 1393 juvenilis
930 1343 1082 1393 poetae
1120 1356 1211 1381 esse
1249 1341 1466 1392 indicium,
1506 1342 1661 1395 quippe
1700 1355 1832 1394 quum
1862 1339 2071 1383 Pindarus
2110 1346 2250 1385 aetate
2290 1360 2389 1398 pro-

117 1414 279 1455 vectior
302 1414 458 1455 fabulis
489 1413 638 1455 docere
674 1412 821 1462 soleat,
853 1427 982 1466 quam
1012 1415 1128 1454 arcte
1157 1413 1229 1454 illa
1259 1416 1452 1467 tempora
1482 1429 1577 1456 cum
1598 1415 1665 1454 his
1688 1414 1954 1455 cohaereant.
2002 1414 2052 1454 Id
2073 1415 2109 1455 si
2128 1415 2388 1459 Schmidtius

117 1486 167 1527 de
197 1486 290 1527 aliis
320 1486 573 1540 quibusdam
603 1485 860 1527 carminibus
901 1489 943 1526 et
981 1485 1032 1526 iis
1071 1486 1240 1539 quidem
1281 1486 1333 1526 ad
1371 1487 1648 1528 maturiorem
1677 1488 1828 1540 poetae
1858 1489 2042 1528 aetatem
2072 1488 2389 1541 pertinentibus

115 1558 314 1609 dixisset,
353 1559 538 1600 fortasse
569 1558 767 1599 assentiri
796 1572 1038 1611 possemus3
1078 1559 1123 1599 in
1161 1559 1241 1600 hoc
1272 1561 1387 1600 certe
1418 1574 1586 1600 carmen
1616 1559 1702 1600 ista
1731 1559 1946 1600 accusatio
1977 1573 2064 1600 non
2096 1560 2219 1601 cadit.
2278 1561 2390 1604 Mira

115 1631 229 1673 enim
267 1631 449 1685 quadam
487 1632 529 1672 vi
565 1635 607 1673 et
645 1631 901 1672 dexteritate
941 1630 1022 1672 hoc
1059 1631 1153 1684 ipso
1194 1632 1381 1673 carmine
1419 1631 1629 1673 Pindarus
1668 1632 1954 1682 demonstrat,
1996 1633 2186 1684 quamvis
2219 1634 2387 1687 ingenti

116 1705 255 1758 spatio
284 1704 387 1745 haec
416 1707 610 1757 tempora
640 1704 693 1744 ab
722 1703 921 1744 heroibus
953 1703 1170 1756 disjuncta
1201 1704 1309 1753 sint,
1348 1707 1492 1745 tamen
1522 1708 1801 1757 utrorumque
1832 1703 2008 1744 eandem
2039 1719 2129 1746 esse
2160 1707 2385 1758 rationem,

114 1777 281 1818 easdem
310 1778 440 1830 legeS,
472 1776 640 1818 easdem
669 1776 864 1817 virtutes.
923 1775 1119 1817 Chironis
1151 1777 1264 1817 enim
1294 1776 1397 1817 illud
1427 1780 1704 1830 praeceptum
1733 1776 1890 1817 Achilli
1920 1777 2139 1826 traditum,
2171 1779 2223 1819 ab
2254 1779 2384 1820 Anti-

112 1849 235 1891 locho
266 1850 540 1891 observatum
570 1848 888 1902 Thrasybulum
918 1852 961 1890 et
989 1849 1130 1902 ipsum
1159 1852 1290 1890 tenet.
1349 1849 1532 1891 Eaedem
1569 1849 1736 1897 laudes,
1777 1849 1931 1902 quibus
1969 1849 2022 1890 ob
2053 1850 2239 1891 officium
2270 1852 2384 1904 patri

111 1922 371 1976 periclitanti
400 1921 657 1975 praestitum
686 1921 882 1974 aequales
912 1921 1046 1962 filium
1075 1920 1274 1962 Nestoris
1306 1923 1573 1973 extulerunt,
1613 1922 1693 1963 hoc
1726 1922 1819 1975 ipso
1849 1924 2040 1975 tempore
2076 1937 2100 1963 a
2140 1923 2264 1964 sociis
2295 1924 2382 1966 filio

110 1994 364 2036 Xenocratis
393 1994 657 2035 tribuuntur.
713 1993 938 2035 Mittamus
976 1994 1111 2047 igitur
1147 1994 1273 2043 haec;
1311 1995 1528 2036 videamus
1562 1995 1728 2048 potius,
1774 2009 1878 2035 num
1921 1995 2087 2036 veriora
2127 1995 2236 2046 sint,
2275 2010 2384 2049 quae

112 2066 375 2109 Schmidtius
404 2067 454 2108 de
484 2067 665 2108 oratione
694 2069 731 2107 et
759 2067 970 2108 narrandi
998 2080 1145 2120 yenerc
1173 2066 1285 2108 dicit.
1337 2066 1498 2117 Oratio,
1530 2068 1684 2121 inquit,
1716 2067 1885 2108 fabulae
1909 2067 2060 2120 jejuna
2084 2070 2161 2118 est,
2193 2068 2382 2110 narratio

111 2140 314 2193 languida
352 2142 395 2181 et
430 2139 606 2193 frigida,
649 2153 788 2192 neque
823 2140 1087 2182 commodam
1126 2142 1168 2180 et
1207 2139 1372 2181 dulcem
1409 2141 1515 2194 epici
1555 2143 1706 2194 poetae
1745 2140 1986 2180 ubertatem
2028 2154 2128 2193 prae
2168 2154 2211 2181 se
2241 2140 2381 2181 ferens

112 2227 249 2266 neque
278 2213 399 2266 lyrici
429 2213 696 2265 ingeniosam
726 2212 945 2253 audaciam
976 2215 1018 2253 et
1049 2213 1146 2253 vim.
1205 2212 1358 2254 Itane?
1394 2212 1479 2254 Vix
1510 2213 1778 2262 crediderim,
1817 2212 1943 2264 idque
1982 2226 2030 2253 eo
2069 2212 2230 2262 minus,
2269 2213 2381 2265 quod

112 2285 284 2327 criticus
314 2285 384 2326 ille
414 2285 805 2339 importunissimus
835 2285 926 2338 ipse
957 2285 1085 2326 fateri
1115 2285 1306 2339 cogitur,
1344 2286 1389 2325 in
1426 2286 1578 2327 ceteris
1615 2285 1813 2327 carminis
1854 2284 2049 2337 partibus
2090 2287 2261 2338 poetam
2294 2285 2384 2338 jam

113 2357 258 2398 eadem
296 2371 380 2411 qua
421 2357 653 2398 maturiore
699 2360 840 2399 aetate
886 2358 1051 2399 dicendi
1099 2358 1266 2399 ratione
1310 2358 1395 2408 uti,
1453 2358 1600 2400 eodem
1640 2358 1805 2398 ambitu
1843 2360 1885 2398 et
1925 2357 2105 2399 circuitu
2144 2358 2381 2409 verborum,

112 2430 315 2471 narrandi
351 2444 506 2483 genere
545 2430 691 2471 eodem
726 2431 839 2471 laeto
879 2433 921 2471 et
959 2430 1112 2472 vivido.
1170 2430 1315 2483 Atque
1353 2445 1401 2472 eo
1438 2432 1575 2485 magis
1619 2431 1710 2472 viro
1750 2430 1874 2471 docto
1912 2429 2140 2483 obloquor,
2185 2430 2298 2483 quod
2337 2431 2382 2471 in

113 2503 298 2544 carmine
322 2502 505 2556 Pythico
535 2502 575 2543 X
602 2502 924 2555 interpretando
954 2503 1218 2544 contrarium
1247 2503 1366 2544 dixit.
1425 2503 1492 2545 Ibi
1531 2503 1644 2545 enim
1680 2503 1870 2544 fabulam
1910 2517 2076 2543 summa
2117 2503 2384 2555 praestantia

113 2577 156 2616 et
180 2578 406 2616 venustate
428 2578 647 2616 narratam
667 2589 758 2616 esse
783 2579 942 2626 censet,
973 2575 1041 2617 hic
1059 2579 1221 2617 ceteras
1243 2576 1443 2617 carminis
1464 2579 1621 2630 partes.
1665 2575 1715 2616 Id
1735 2575 1876 2628 ipsum
1899 2574 2079 2616 debebat
2097 2573 2382 2616 Schmidtium

112 2648 274 2697 docere,
307 2663 351 2689 se
381 2648 512 2689 nimio
542 2648 834 2689 novandarum
863 2663 1006 2689 rerum
1036 2662 1178 2690 amore
1208 2648 1431 2702 deceptum
1460 2652 1690 2702 utrumque
1720 2662 1889 2688 carmen
1919 2647 2028 2688 male
2049 2647 2380 2700 interpretatum

111 2734 215 2762 esse.
272 2719 484 2762 Pindarus
514 2721 639 2772 enim,
670 2721 743 2774 qui
770 2721 815 2761 in
843 2721 1030 2762 carmine
1060 2720 1107 2761 P.
1128 2721 1167 2762 X
1197 2721 1387 2762 fabulam
1416 2721 1786 2775 praestantissimo
1818 2723 1976 2762 ornatu
2006 2720 2158 2771 induit,
2190 2721 2380 2762 fabulam

112 2792 162 2834 de
192 2793 412 2835 Antilochi
440 2795 579 2835 morte
608 2793 818 2835 intextam
848 2797 891 2835 et
923 2795 1060 2847 ipsam
1101 2794 1309 2835 uberrime
1347 2808 1521 2835 narrare
1558 2795 1740 2847 poterat.
1797 2792 1916 2833 Idem
1954 2807 2074 2843 vero,
2115 2793 2188 2846 qui
2226 2794 2379 2835 ceteris

110 2865 238 2919 hujus
269 2866 468 2907 carminis
498 2866 691 2919 partibus
721 2869 889 2908 tant-am
918 2866 1180 2908 dulcedinem
1211 2869 1253 2908 et
1283 2866 1539 2908 suavitatem
1569 2862 1741 2916 offudit,
1774 2865 1809 2906 si
1839 2864 2067 2914 voluisset,
2099 2865 2210 2906 idem
2238 2865 2379 2907 facere

111 2938 254 2991 potuit
291 2938 336 2979 in
375 2939 560 2980 carmine
598 2938 755 2992 Pythio
786 2939 836 2980 X.
904 2938 1063 2987 Quodsi
1093 2939 1219 2980 aliam
1256 2939 1368 2980 viam
1406 2939 1627 2992 ingressus
1667 2940 1751 2988 est,
1791 2952 1867 2979 suo
1905 2939 2018 2979 certe
2055 2936 2099 2977 id
2131 2938 2228 2990 jure
2265 2938 2379 2979 fecit.

113 3009 258 3064 Neque
296 3011 468 3053 difficile
506 3014 571 3053 est
610 3012 800 3062 detectu,
851 3026 926 3053 cur
966 3013 1257 3054 narrationem
1294 3012 1357 3053 ita
1393 3011 1645 3053 instituerit.
1708 3010 1863 3051 Primis
1910 3011 2023 3052 enim
2070 3012 2113 3051 et
2150 3010 2377 3063 postremis

111 3084 303 3126 versibus
343 3084 542 3126 carminis
580 3083 627 3125 P.
661 3083 720 3126 VI
756 3087 906 3126 tantus
950 3085 1063 3127 calor
1103 3084 1239 3136 inest,
1285 3084 1398 3138 quod
1442 3084 1595 3126 intima
1638 3083 1930 3125 familiaritate
1977 3097 2072 3125 cum
2105 3081 2376 3135 Thrasybulo

1904 3158 1927 3197 3
