2724 3518
1297 153 1357 198 14

186 302 390 352 concedo,
435 302 605 355 poetam
641 297 824 338 victores
865 293 1064 346 ancipitis
1105 307 1247 333 rerum
1285 291 1571 331 humanarum
1604 287 1731 328 sortis
1771 285 2053 327 admonuisse.
2120 283 2233 324 Nam
2271 286 2312 324 et
2343 298 2380 324 v.
2411 285 2464 324 20

187 377 438 430 deprecatur
469 372 642 412 deorum
669 368 873 409 invidiam
903 369 945 407 et
973 366 1018 405 in
1043 365 1126 405 fine
1149 363 1321 405 fabulae
1339 359 1543 402 Nemesin
1575 361 1890 408 commemorat,
1921 359 1971 398 ut
1992 356 2244 398 adhortetur
2267 356 2465 406 victores,

189 463 243 489 110
274 462 317 488 00
348 445 540 487 homines
571 456 661 482 esse
692 440 1011 481 obliviscantur.
1071 437 1128 477 At
1159 439 1305 477 tamen
1335 435 1494 474 bonam
1525 446 1643 484 spem
1674 430 1761 471 alit.
1815 429 1911 470 Etsi
1936 429 2048 470 enim
2069 442 2271 481 praesens
2292 429 2468 469 fortuna

189 534 314 573 quam
346 518 416 558 diu
446 516 616 556 maneat
645 513 857 554 incertum
888 518 965 560 est,
996 512 1143 550 tamen
1173 508 1379 549 hodierno
1411 505 1477 545 die
1497 503 1601 544 laeti
1620 503 1706 543 frui
1724 505 1919 556 possunt,
1953 501 2156 542 Thoracis
2177 501 2466 554 potentissimi

188 590 405 646 principis,
436 587 509 641 qui
534 587 643 627 hanc
675 584 1018 626 comissationem
1048 582 1092 622 in
1119 581 1325 622 honorem
1355 576 1531 618 victoris
1562 575 1768 624 instituit,
1793 574 1948 615 auxilio
1972 577 2015 614 et
2036 573 2187 626 opibus
2212 574 2325 614 freti.
2368 573 2467 615 Jam

193 663 333 704 omnia
356 659 514 713 optime
541 657 782 699 cohaerent.
827 655 887 697 Ut
915 655 1027 696 enim
1049 653 1195 694 fabula
1215 652 1309 705 ipsa
1330 650 1456 690 rebus
1479 647 1778 701 praesentibus
1805 646 2017 695 convenit,
2043 646 2106 686 ita
2129 645 2467 687 commodissime

192 749 287 776 011111
326 731 499 785 reliquis
539 730 739 772 carminis
779 728 972 783 partibus
1015 726 1249 779 conjuncta
1288 725 1366 764 est.
1426 719 1676 761 Praedicata
1714 719 1828 759 enim
1858 718 2078 759 Thessalia
2109 721 2151 759 et
2182 718 2468 771 Aleuadarum

192 809 320 861 gente
351 805 407 858 (v.
443 803 587 855 1—6)
617 801 776 843 transit
804 803 932 854 poeta
962 798 1011 840 ad
1042 797 1304 839 laudandum
1333 793 1507 836 victoris
1540 791 1758 840 familiam,
1789 790 1857 831 cui
1887 793 1954 831 tot
1984 793 2192 844 tantaque
2222 791 2335 832 bona
2365 805 2467 831 con-

190 879 379 932 tigerant
410 874 467 928 (v.
499 877 684 924 7—26),
716 876 764 914 ut
786 872 990 924 majorem
1012 870 1261 911 felicitatem
1293 882 1384 908 sors
1414 867 1602 907 humana
1631 878 1718 903 11011
1749 863 1859 904 ferat
1890 862 1949 914 (v.
1975 863 2196 915 27—3o);
2228 863 2278 903 ad
2300 862 2468 916 Hyper-

192 953 341 992 boreos
374 949 505 995 enim,
545 936 627 1000 qui
650 944 777 987 simili
807 944 1010 985 felicitate
1042 943 1265 990 fruantur,
1305 940 1378 981 sed
1409 955 1433 980 a
1464 937 1635 979 Nemesi
1666 936 1787 977 liberi
1825 936 1925 985 sint,
1957 935 2042 976 nisi
2072 936 2272 977 heroibus
2304 935 2469 977 aditum

193 1036 278 1062 non
318 1023 463 1074 patere
503 1018 735 1070 (31—50).
795 1016 1079 1065 Quamobrem
1115 1014 1329 1055 laudando
1370 1013 1483 1053 ultra
1524 1009 1724 1064 progredi
1754 1007 1819 1048 fas
1859 1023 1947 1048 non
1985 1023 2077 1049 esse
2109 1006 2357 1060 (51—54);
2397 1007 2470 1049 sed

192 1095 395 1135 victorem
432 1095 573 1133 tamen
619 1105 716 1132 vere
755 1090 920 1131 felicem
958 1087 1288 1141 praedicandum
1326 1100 1438 1133 esse,
1483 1084 1640 1137 quippe
1680 1083 1747 1123 cui
1785 1081 2058 1134 optatissima
2095 1081 2183 1122 vita
2221 1081 2368 1123 futura
2399 1080 2468 1127 sit,

194 1165 446 1220 praesertim
477 1179 571 1205 cum
604 1164 641 1204 ei
670 1163 807 1204 tutela
846 1161 969 1202 amici
1000 1159 1204 1201 Thoracis
1237 1173 1382 1200 securo
1415 1157 1641 1197 subitanea
1671 1154 1872 1195 fortunae
1902 1153 2086 1194 mutatio
2118 1153 2346 1194 metuenda
2383 1166 2471 1193 non

195 1239 250 1280 sit
292 1237 535 1289 (55—66);
583 1236 703 1276 11111111
749 1235 860 1275 0111111
899 1234 1066 1273 fidelem
1102 1247 1193 1272 esse
1230 1232 1434 1279 amicum,
1485 1229 1596 1268 sicut
1636 1231 1678 1267 et
1716 1226 1871 1267 fratres
1908 1226 1998 1279 ejus
2039 1226 2396 1279 magnanimitate
2429 1228 2472 1265 et

195 1312 354 1352 virtute
385 1311 605 1363 praestent
636 1308 870 1359 (67—72).
930 1304 1192 1358 Compositio
1222 1303 1357 1357 igitur
1387 1300 1586 1343 carminis
1618 1298 1722 1339 haec
1753 1301 1818 1339 est

281 1425 303 1530 111
336 1420 451 1474 (πμ)
483 1422 538 1469 4-
569 1423 621 1514 210
653 1417 784 1474 (ἅρχ.)
816 1417 871 1466 -1-
901 1421 926 1458 4
959 1415 1090 1469 (m.)
1120 1416 1176 1464 -1-
1207 1417 1258 1455 20
1290 1414 1439 1468 (011qu
1471 1413 1525 1461 1-
1555 1415 1580 1497 1
1613 1411 1744 1464 (μετ.)
1775 1411 1830 1459 1-
1862 1413 1909 1495 1ξο
1944 1409 2087 1465 (we)
2117 1412 2172 1460 4-
2204 1414 2227 1505 0
2259 1408 2429 1462 (gfff)

290 1535 295 1576 ί
595 1527 598 1539 “
1783 1529 1789 1531 ·
1886 1526 1888 1532 ’
2217 1516 2220 1568 l

425 1628 663 1680 Προοίμιον
702 1627 743 1665 et
782 1622 947 1673 ἐξόδιον
976 1620 1264 1661 Aleuadarum
1301 1618 1468 1659 laudem
1508 1617 1752 1666 continent,
1796 1615 1903 1673 ἅρχά
1944 1619 1987 1657 et
2017 1621 2192 1671 σφραγίς
2223 1617 2331 1665 (sive
2361 1618 2474 1670 quod

198 1700 337 1742 nostri
368 1698 519 1739 musici
549 1698 695 1738 dicunt
726 1694 987 1736 introductio
1019 1696 1061 1733 et
1092 1692 1262 1745 finale),
1302 1691 1476 1732 victoris
1507 1692 1682 1743 gentem
1713 1689 1984 1743 praedicant3
2022 1690 2064 1729 111
2108 1690 2246 1731 medio
2281 1689 2474 1744 ὀμφαλός

197 1773 362 1827 positus
394 1774 472 1821 est,
505 1770 577 1823 qui
607 1769 793 1810 fabulam
824 1769 993 1814 narrat3
1024 1764 1268 1820 κατατροῑῑά
1300 1778 1399 1804 vero
1423 1766 1464 1804 et
1501 1763 1854 1817 μετακατατροπά
1881 1762 2055 1803 eandem
2083 1762 2194 1804 hanc
2215 1764 2475 1805 sententiam

196 1846 438 1894 illustrant,
477 1843 681 1899 majorem
721 1855 848 1895 quam
886 1854 994 1894 quae
1024 1837 1285 1891 Hippocleae
1328 1835 1559 1889 contigerit
1598 1834 1846 1876 felicitatem
1885 1835 1929 1875 in
1969 1835 2157 1876 humana
2195 1836 2284 1877 vita
2313 1836 2475 1878 frustra

198 1917 438 1959 desiderari.

1236 2019 1302 2072 P.
1338 2019 1436 2072 VI.

424 2133 517 2174 Hoc
556 2147 723 2174 carmen
764 2129 826 2171 Ol.
858 2134 930 2180 71,
976 2132 998 2170 3
1030 2129 1069 2170 h.
1110 2143 1142 2169 0.
1182 2130 1278 2169 octo
1322 2126 1446 2167 annis
1487 2130 1585 2180 post
1616 2126 1822 2180 Pythium
1860 2126 1899 2167 X
1940 2126 2145 2179 scriptum
2183 2130 2260 2168 est.
2319 2126 2476 2175 Quam-

199 2209 342 2249 obrem
366 2204 627 2247 Schmidtius
658 2218 744 2244 non
769 2203 948 2252 dubitat,
980 2202 1083 2255 quin
1115 2203 1163 2241 ut
1194 2199 1384 2240 nondum
1415 2214 1560 2240 omnes
1594 2214 1755 2241 errores
1773 2199 1985 2252 juveniles
2018 2200 2209 2253 superati
2240 2199 2327 2240 sint
2348 2202 2476 2254 atque

201 2279 427 2328 emendati,
458 2278 520 2318 ita
549 2277 650 2318 boni
680 2290 931 2330 progressus
962 2275 1006 2315 in
1038 2277 1128 2315 arte
1158 2272 1327 2326 poetica
1357 2271 1460 2312 facti
1490 2275 1737 2326 appareant.
1796 2271 2049 2313 Videamus!

426 2350 686 2391 Xenocrates
706 2349 1028 2402 Agrigentinus,
1060 2345 1194 2387 nobili
1216 2343 1566 2385 Emmenidarum
1592 2358 1747 2397 genere
1770 2346 1903 2394 ortus,
1935 2344 2068 2385 frater
2089 2344 2312 2395 Theronis,
2344 2345 2481 2387 victor

203 2425 475 2467 renuntiatus
519 2427 630 2470 erat3
672 2424 797 2474 parta
836 2423 979 2462 autem
1022 2421 1113 2460 erat
1144 2417 1323 2459 victoria
1353 2432 1376 2457 a
1407 2416 1675 2469 Thrasybulo
1715 2416 1823 2465 filio,
1867 2417 1940 2470 qui
1970 2417 2011 2457 in
2046 2417 2276 2459 certamine
2307 2418 2480 2471 aurigae

204 2498 343 2539 officio
385 2495 657 2549 fungebatur.
715 2493 926 2534 Pindarus
966 2492 1102 2545 igitur
1139 2490 1362 2531 victoriam
1402 2489 1463 2530 ita
1500 2489 1740 2542 praedicat,
1783 2492 1832 2530 ut
1869 2489 1995 2530 simul
2025 2491 2230 2544 pietatem
2261 2490 2337 2530 filii
2377 2504 2480 2544 erga

205 2571 370 2623 patrem
402 2567 564 2608 meritis
595 2567 789 2607 laudibus
821 2566 980 2607 efferat.

426 2641 568 2694 Atque
590 2639 760 2681 exordio
780 2637 1120 2692 splendidissimo
1144 2638 1271 2689 poeta
1294 2633 1513 2676 audientes
1536 2634 1803 2685 adhortatur,
1836 2639 1884 2676 ut
1907 2650 2028 2676 aures
2050 2636 2282 2689 praebeant
2304 2636 2483 2677 carmini

209 2728 283 2754 suo
314 2713 499 2754 nobilem
521 2711 867 2753 Emmcnidarum
900 2712 1074 2764 gentem
1103 2708 1310 2758 laudanti,
1342 2721 1449 2761 quae
1482 2706 1656 2760 Delphis
1688 2722 1917 2761 perennem
1945 2707 2202 2761 hymnorum
2231 2708 2482 2750 thesaurum

207 2786 435 2839 possideat,
466 2784 577 2825 unde
605 2784 729 2825 laetis
760 2783 892 2825 oculis
914 2781 1209 2835 Thrasybulus
1241 2780 1293 2821 ad
1325 2783 1493 2834 patrem
1523 2780 1681 2831 redeat,
1712 2779 1873 2822 recenti
1903 2780 2084 2822 victoria
2114 2783 2291 2822 ornatus
2323 2778 2429 2833 (Str.
2459 2783 2477 2820 1

432 2941 465 2985 *)
491 2940 556 2974 His
581 2940 684 2985 siglis
710 2942 809 2975 utor:

534 3010 595 3042 πρ.
621 3012 665 3028 =
691 2996 899 3042 προοίμιον,
932 2995 1021 3039 (ἕρχ.
1050 3008 1093 3024 =
1119 2992 1235 3036 (ἶρχτὲ,
1265 2989 1400 3036 ἐπαρχ.
1426 3007 1471 3022 =
1496 2989 1657 3037 ἐπαρχιέ,
1686 3006 1761 3027 κατ.
1789 3008 1834 3024 =
1860 2995 2079 3039 κατατροπά,
2108 2993 2202 3039 ὀμφ.
2229 3008 2274 3023 =
2302 2992 2480 3038 ὀμφαλός,

207 3064 285 3097 μετ.
313 3068 355 3083 =
380 3056 689 3099 μετακατατροπτὶ,
721 3066 809 3098 σφρ.
835 3069 880 3084 =
905 3051 1079 3097 σφραγίς,
1104 3047 1151 3095 ἐξ.
1179 3064 1224 3080 =
1250 3046 1408 3094 ἐξόδιον.

2720 243 2724 248 .
2720 182 2724 230 -.„.
2719 82 2724 160 ἢ-..
2708 0 2724 68 ῥ’...-
