2724 3518
1250 190 1310 237 13

142 328 265 369 sandi
301 331 344 370 et
382 318 652 371 obtrectandi
689 328 832 381 cupidi
869 329 1088 370 videamur
1125 343 1236 380 esse,
1276 332 1376 371 ante
1408 329 1551 371 omnia
1581 329 1869 381 concedimus,
1914 330 2166 382 Pindarum,
2205 347 2289 386 qua
2327 336 2418 375 erat

140 401 304 455 ingenii
334 401 580 443 excelsitate
609 402 652 441 et
683 400 815 441 animi
844 401 1024 455 pietate,
1064 402 1213 455 procul
1242 401 1370 442 dubio
1400 416 1558 443 nexum
1588 404 1631 443 et
1661 401 1976 445 cohaerentiam
2004 419 2145 445 rerum
2175 404 2416 446 divinarum

142 476 185 515 et
208 474 491 515 humanarum
521 472 671 513 melius
702 486 831 525 quam
860 474 964 515 alios
996 476 1145 528 poetas
1175 473 1443 527 perspexisse
1474 477 1516 515 et
1548 474 1808 516 carminibus
1829 475 2065 528 prodidisse
2092 477 2216 518 nobis
2242 478 2284 517 et
2310 477 2414 529 ipsis

140 559 391 599 persuasum
421 559 524 587 esse.
583 543 699 592 Quae
740 560 838 587 vero
876 546 1066 600 priorum
1103 548 1328 599 poetarum
1363 545 1595 599 lyricorum
1634 546 1683 586 de
1725 545 1880 588 fabulis
1920 548 2159 590 intexendis
2189 549 2257 590 lex
2287 552 2415 602 atque

140 618 288 671 regula
310 617 454 669 fuerit,
484 616 528 658 id
551 631 648 658 cum
676 617 748 658 alii
777 617 994 669 ignorant,
1023 620 1117 658 tum
1138 616 1399 659 Schmidtius
1429 621 1761 671 quantocunque
1792 622 1858 659 est
1887 619 2074 671 ingenio,
2104 622 2261 674 quippe
2285 635 2417 674 quum

139 691 330 744 exempla
359 690 412 731 ad
443 689 749 743 comparandos
779 693 929 743 poetas
961 689 1112 731 idonea
1141 684 1385 743 temp0rum
1414 690 1571 743 injuria
1600 691 1724 733 nobis
1754 691 1897 732 ablata
1922 692 2021 732 sint.
2061 692 2111 733 Id
2135 692 2305 746 quidem
2324 692 2415 746 jam

140 777 270 815 supra
305 762 665 804 demonstravisse
694 762 818 802 nobis
849 762 1061 811 videmur,
1104 760 1338 802 Pindarum
1378 777 1503 803 versu
1544 766 1597 805 54
1646 764 1697 804 de
1745 764 2052 817 magistrorum
2095 765 2261 806 ratione
2307 765 2416 805 nihil

139 835 317 876 tradere.
376 834 435 875 Ut
465 834 615 875 deinde
645 834 695 876 de
726 834 938 875 miraculis
969 848 1103 887 pauca
1134 834 1349 884 addamus,
1381 837 1553 877 tantum
1583 836 1718 885 abest,
1750 838 1799 876 ut
1829 836 2058 878 audeamus
2093 850 2271 890 negare,
2311 836 2414 877 Pin-

138 906 288 948 darum
318 907 443 948 rebus
475 906 629 948 divinis
667 909 710 947 et
746 906 946 959 mythicis
977 921 1106 960 quam
1135 906 1319 947 maxime
1350 907 1607 949 delectatum
1641 922 1752 958 esse,
1799 912 1847 948 ut
1877 923 1947 949 eos
1978 908 2212 950 Pindarum
2241 910 2416 951 minime

139 979 361 1033 cognitum
404 979 559 1020 habere
604 993 873 1029 censeamus,
916 979 990 1032 qui
1036 978 1116 1019 hoc
1154 978 1245 1031 ejus
1288 979 1430 1021 studio
1477 983 1519 1021 et
1568 994 1709 1021 amore
1755 994 1896 1021 rerum
1945 981 2203 1022 mirabilium
2250 981 2413 1035 aliquo-

138 1051 262 1091 modo
304 1050 590 1093 offenduntur.
657 1051 716 1093 Ut
764 1051 877 1092 enim
917 1065 954 1092 v.
995 1053 1048 1092 48
1086 1050 1190 1091 dicit
1228 1049 1322 1104 ἐμοὶ
1360 1053 1405 1094 δὲ
1444 1052 1666 1105 θαυμάσαι
1695 1055 1815 1094 θεῶν
1848 1053 2110 1094 τελεσάντων
2148 1054 2269 1096 οὐδέν
2308 1069 2415 1096 ποτε

139 1128 334 1177 φαίνεται
365 1121 500 1176 ἔμμεν
530 1122 735 1176 ἄπιστον,
777 1124 837 1165 sic
866 1123 1061 1177 plurimis
1091 1123 1193 1165 locis
1226 1124 1400 1165 deorum
1429 1125 1645 1166 infinitam
1675 1138 1765 1165 esse
1796 1127 2057 1178 potestatem
2085 1126 2323 1179 praedicat:
2364 1126 2417 1168 cf.

139 1210 173 1237 e.
200 1209 262 1248 gr.
292 1187 319 1251 ἦ
347 1196 546 1250 θαυματὰ
577 1196 715 1238 πολλοὶ
748 1195 810 1237 Ol.
830 1200 866 1246 1,
885 1198 952 1247 28,
983 1197 1100 1238 τελεῖ
1125 1196 1172 1237 δὲ
1194 1199 1311 1238 θεῶν
1336 1193 1510 1250 δύναμις
1532 1199 1599 1239 καὶ
1629 1196 1706 1238 τάν
1736 1198 1835 1249 παρ’
1867 1196 1993 1253 ὅρκον
2022 1189 2234 1250 καὶ-παρα
2263 1197 2416 1241 ἐλπίδα

137 1267 302 1322 κούφαν
330 1272 466 1310 κτίσιν
499 1267 561 1309 Ol.
594 1271 665 1319 13,
697 1272 761 1310 83.
821 1269 1021 1310 Carmina
1051 1283 1152 1310 vero
1184 1269 1275 1322 ejus
1309 1272 1476 1311 scatent
1506 1269 1743 1319 miraculis,
1775 1269 1820 1309 in
1850 1270 2005 1323 quibus
2035 1270 2258 1312 narrandis
2288 1274 2416 1324 poeta

139 1343 263 1382 tanta
294 1356 389 1381 cum
420 1341 585 1382 laetitia
615 1345 824 1391 versatur,
855 1344 903 1382 ut
936 1341 1108 1383 difficile
1140 1341 1196 1382 sit
1226 1341 1461 1393 intellectu,
1493 1343 1595 1396 quid
1617 1342 1903 1383 Schmidtium
1925 1343 2195 1395 permoverit,
2227 1346 2276 1384 ut
2301 1343 2414 1384 dicat
2464 1370 2467 1372 -

137 1417 310 1467 poetam
351 1414 430 1454 hoc
471 1413 614 1454 Persei
653 1429 748 1455 cum
787 1414 1075 1467 Hyperboreis
1114 1414 1414 1455 commercium
1454 1418 1702 1456 narrantem
1741 1415 1867 1456 solito
1910 1415 2045 1467 magis
2074 1415 2282 1456 laetatum
2313 1429 2415 1456 esse.

137 1485 207 1527 An
231 1500 314 1539 quo
342 1485 484 1528 differt
514 1487 618 1528 haec
648 1486 838 1527 narratio
869 1486 922 1527 ab
953 1486 1073 1526 suavi
1100 1486 1174 1526 illa
1203 1486 1348 1527 fabula
1378 1486 1427 1527 de
1450 1487 1700 1528 Troicorum
1725 1501 1944 1528 murorum
1974 1487 2275 1536 exstructione,
2307 1502 2414 1541 quae

138 1557 201 1599 Ol.
241 1557 360 1599 VIII.
397 1561 626 1600 narratur?
666 1561 741 1599 aut
779 1558 893 1600 Jami
932 1560 1030 1599 ortu
1069 1556 1131 1599 Ol.
1172 1558 1263 1599 VI‘?
1316 1562 1391 1600 aut
1429 1559 1608 1600 Rhodiis
1649 1558 1712 1600 Ol.
1749 1559 1864 1600 VII?
1915 1562 1989 1600 aut
2028 1559 2224 1600 Herculis
2275 1560 2413 1613 primo

136 1631 327 1672 facinore
356 1631 457 1672 forti
490 1630 542 1672 N.
573 1631 621 1672 I?
675 1631 769 1672 Hoc
798 1631 969 1685 quidem
999 1631 1069 1671 vix
1106 1631 1332 1685 quisquam
1366 1630 1602 1675 Schmidtio
1642 1631 1807 1681 credat,
1847 1631 2208 1673 adolescentulum
2244 1637 2415 1686 poetam

137 1704 182 1744 in
213 1704 369 1745 fabulis
398 1704 620 1745 narrandis
651 1704 856 1757 maj0rem
885 1719 1014 1757 quam
1043 1704 1276 1745 maturiore
1315 1707 1456 1745 aetate
1496 1719 1682 1745 amorem
1720 1718 1861 1745 rerum
1899 1704 2158 1745 mirabilium
2195 1705 2415 1747 indicasse.

362 1776 478 1817 Num
501 1777 611 1818 forte
642 1776 783 1817 minus
814 1792 838 1817 a
869 1790 967 1817 vero
998 1777 1167 1817 aberrat
1194 1776 1258 1817 vir
1278 1776 1565 1827 doctissimus,
1597 1791 1727 1830 quum
1758 1776 1862 1817 dicit
1892 1777 2133 1817 fabularum
2163 1793 2258 1819 011111
2289 1779 2414 1819 rebus

137 1849 242 1903 ipsis
272 1849 670 1903 conjungendarum
700 1849 911 1890 rationem
942 1863 1038 1890 011111
1069 1852 1285 1891 crescente
1316 1852 1455 1890 aetate
1485 1851 1637 1903 poetae
1668 1852 1880 1890 mutatam
1910 1863 2014 1898 esse,
2045 1849 2107 1890 ita
2136 1850 2325 1903 quidem,
2366 1855 2414 1892 ut

138 1922 276 1975 prima
306 1924 446 1963 aetate
477 1921 631 1975 quibus
659 1921 856 1962 differant
885 1922 999 1962 inter
1029 1936 1086 1971 se,
1117 1922 1354 1975 posteriore
1384 1923 1538 1976 quibus
1569 1923 1728 1964 similes
1761 1923 1849 1964 sint
1879 1921 2061 1963 doceat?
2092 1921 2156 1963 Ne
2180 1923 2223 1963 id
2243 1923 2414 1976 quidem

137 2009 295 2035 verum.
350 1993 432 2035 Sed
462 2009 594 2048 quum
624 1994 674 2035 de
705 1994 784 2035 hac
814 2008 857 2035 re
887 1995 969 2035 alio
998 1995 1091 2036 loco
1122 1994 1261 2035 fusius
1293 1995 1679 2049 (lisputave1·im,*)
1720 1996 1861 2037 brevis
1892 2008 1985 2043 ero,
2027 2009 2234 2036 summam
2274 2010 2415 2037 rerum

139 2070 359 2121 repetens:
391 2067 450 2108 Ut
480 2067 525 2107 in
556 2067 753 2108 omnibus
785 2066 878 2107 aliis
910 2067 1181 2116 carminibus,
1214 2067 1275 2107 ita
1304 2068 1349 2108 in
1381 2067 1460 2109 hoc
1489 2082 1658 2121 quoque
1689 2082 1898 2108 summam
1920 2066 2141 2108 hominum
2165 2068 2415 2109 felicitatem

137 2143 265 2193 poeta
294 2140 356 2181 ita
386 2139 553 2189 laudat,
597 2141 646 2180 ut
676 2139 876 2180 ostendat
913 2139 1105 2192 quidem,
1147 2155 1275 2193 quam
1309 2154 1440 2193 prope
1472 2140 1524 2181 ad
1553 2141 1723 2181 beatam
1754 2140 1928 2181 deorum
1959 2143 2033 2180 aut
2064 2140 2238 2180 heroum
2269 2141 2413 2181 condi-

136 2213 299 2253 tionem
329 2213 515 2262 accedat,
548 2212 620 2253 sed
651 2212 822 2253 silentio
852 2226 939 2252 non
970 2214 1222 2265 praetereat,
1254 2213 1476 2254 hominum
1508 2216 1671 2254 statum
1698 2216 1827 2265 atque
1849 2215 2049 2253 naturam
2071 2212 2150 2252 diis
2172 2213 2414 2253 inferiorem

138 2300 241 2326 esse.
300 2284 461 2333 Quodsi
490 2287 617 2338 poeta
646 2284 908 2334 admonitus,
952 2287 1000 2325 ut
1030 2284 1309 2338 Hippocleam
1349 2285 1603 2326 Thessalum
1644 2285 1895 2326 redeuntem
1934 2285 2110 2339 Delphis
2149 2285 2265 2325 lauro
2304 2284 2414 2325 redi-

138 2358 292 2399 mitum
332 2358 517 2399 carmine
555 2358 836 2410 praedicaret,
884 2358 1107 2410 magnifici
1145 2361 1376 2411 apparatus
1416 2357 1741 2407 recordabatur,
1795 2372 1879 2410 quo
1916 2358 2129 2410 principes
2171 2357 2415 2398 Thessaliae

139 2431 284 2484 epulas
315 2430 447 2471 festas
479 2431 688 2472 celebrare
718 2431 936 2479 solebant,
967 2444 1110 2471 nonne
1141 2431 1231 2471 fieri
1261 2430 1424 2484 potuit,
1463 2433 1510 2470 nt
1541 2431 1632 2483 ejus
1663 2429 1888 2470 memoriae
1920 2433 2162 2471 occurreret
2193 2429 2413 2470 beatitudo

138 2503 515 2557 Hyperboreorum
570 2506 744 2544 aeterna
799 2502 1004 2543 felicitate
1058 2504 1319 2553 fruentium,
1380 2502 1611 2543 saltatione
1672 2502 1826 2542 fidibus
1880 2501 1997 2542 tibiis
2054 2502 2221 2542 coronis
2281 2501 2415 2554 epulis

138 2576 445 2629 gaudentium?
477 2575 615 2623 Quid?
645 2591 777 2629 quum
805 2575 918 2616 laeta
948 2575 1179 2616 amicorum
1208 2579 1378 2616 caterva
1399 2575 1680 2628 Hippocleam
1708 2574 1948 2627 periculoso
1973 2576 2016 2614 et
2039 2574 2160 2627 gravi
2186 2573 2416 2614 certamine

138 2649 318 2690 feliciter
348 2652 521 2701 peracto
553 2649 605 2689 ab
626 2649 820 2702 Apolline
849 2662 1006 2690 corona
1036 2648 1178 2688 laurea
1209 2648 1416 2689 donatum
1446 2648 1642 2689 reducem
1674 2646 1961 2688 comitabatur
1982 2646 2027 2687 in
2050 2646 2233 2699 patriam
2252 2645 2412 2695 urbem,

140 2722 345 2762 tibiarum
375 2723 418 2762 et
448 2717 595 2761 fidium
625 2721 759 2762 modis
788 2723 1076 2770 resonantem,
1109 2720 1315 2762 sacrificia
1346 2722 1388 2760 et
1420 2720 1565 2773 epulas
1597 2720 1872 2769 redolentem,
1902 2733 2045 2759 nonne
2066 2718 2209 2759 Persei
2234 2717 2414 2758 debebat

139 2796 267 2848 poeta
295 2793 510 2835 recordari
540 2809 564 2834 a
583 2792 775 2835 Minerva
805 2793 1070 2846 gravissimis
1101 2793 1406 2834 certaminibus
1438 2795 1480 2834 et
1511 2793 1726 2833 laboribus
1760 2791 1945 2844 peractis
1969 2791 2013 2831 in
2037 2791 2413 2844 Hyperboreorum

140 2867 384 2920 Apollinem
415 2866 721 2907 celebrantium
752 2865 979 2908 concilium
1009 2865 1277 2906 introducti?
1329 2865 1485 2906 Nonne
1516 2880 1643 2918 quam
1674 2865 1856 2905 maxime
1900 2863 2050 2903 similis
2092 2866 2156 2903 est
2195 2863 2416 2915 utriusque

139 2939 356 2980 conditio?
403 2937 514 2986 Quid
534 2937 601 2978 hic
620 2938 841 2991 absonum,
871 2937 972 2992 quid
992 2951 1131 2978 rerum
1158 2937 1291 2978 statui
1315 2952 1402 2979 non
1424 2938 1584 2991 optime
1616 2936 1902 2978 conveniens?
1945 2934 2210 2988 Quamquam
2229 2935 2414 2976 libenter

365 3099 398 3142 *)
425 3098 448 3132 l.
474 3098 497 3132 l.
523 3110 558 3142 p.
587 3099 638 3132 18.
