2724 3518
1315 158 1376 203 26

218 303 484 358 Olympicum
520 300 787 343 undecimum
826 297 1146 340 antecesserint.
1206 297 1298 338 Hoc
1339 298 1531 346 constat,
1575 295 1743 336 laudem
1784 294 1958 337 Pindari
1998 294 2208 348 poeticam
2242 307 2331 334 11011
2374 293 2476 335 solis

215 376 407 430 epiniciis
448 376 614 428 partam
654 386 758 413 esse.
819 371 900 413 Sed
931 371 998 412 vel
1028 370 1064 410 si
1092 370 1279 411 carmina
1308 368 1490 423 epinicia
1528 368 1618 409 sola
1655 369 1920 420 spectamus,
1963 365 2190 409 Schmidtii
2218 366 2476 408 sententiam

215 448 453 502 improbare
484 445 697 495 debemus,
729 459 859 497 quum
881 442 1090 484 Pindarus
1120 442 1191 482 illo
1222 445 1412 496 tempore
1440 441 1530 494 jam
1559 439 1797 493 complures
1819 439 2023 493 Pythicos
2052 439 2235 481 victores
2264 438 2478 480 cecinerit.

217 520 274 562 Et
304 520 339 561 si
368 533 514 560 verum
544 520 629 568 est,
661 517 915 571 olympicam
945 514 1169 556 victoriam
1198 514 1394 555 omnibus
1420 512 1572 554 ceteris
1602 512 1730 566 longe
1759 512 2047 565 praestitisse,
2076 515 2221 553 tamen
2251 525 2338 552 non
2366 510 2478 552 idem

216 591 437 634 dicendum
478 594 543 633 est
578 591 629 632 de
659 589 916 633 carminibus
947 587 1180 641 Olympicis
1219 592 1261 629 et
1295 585 1487 639 Pythicis
1525 584 1643 638 ipsis.
1701 582 1769 624 Ab
1807 583 1942 624 altera
1978 598 2079 625 vero
2121 586 2243 637 parte
2277 598 2365 625 non
2403 584 2478 624 ab-

218 678 366 705 sonum
399 665 476 713 est,
507 664 579 705 illo
609 664 702 717 ipso
729 667 920 716 tempore
941 659 1188 709 Pindarum,
1219 659 1293 713 qui
1321 659 1404 700 alia
1433 671 1600 711 quoque
1626 655 1815 698 carmina
1844 658 1887 697 et
1916 657 2082 709 publico
2113 659 2156 698 et
2184 656 2352 710 privato
2381 656 2480 697 usui

218 736 431 777 destinata
471 750 567 777 cum
607 751 726 777 sacra
763 737 856 776 tum
893 732 1074 786 profana
1110 732 1344 786 pangebat,
1388 730 1490 772 adeo
1521 728 1706 782 negotiis
1737 730 1780 769 et
1810 728 1962 769 officiis
2003 730 2205 771 obrutum
2235 729 2386 779 fuisse,
2430 730 2479 770 ut

217 807 327 849 diem
371 808 640 850 redeuntium
687 806 939 849 solemnium
978 804 1135 846 oblitus
1173 803 1463 846 admonendus
1505 805 1618 844 esset
1657 801 1845 854 suscepti
1881 800 2023 843 officii.
2090 801 2149 844 At
2187 802 2237 843 de
2267 801 2480 843 oblivione

217 894 240 922 e
270 879 496 921 Schmidtii
524 880 739 922 sententia
767 878 940 921 0111111110
972 891 1108 918 sermo
1138 891 1226 918 non
1256 880 1344 927 est,
1383 875 1457 917 sed
1490 875 1540 916 de
1568 889 1687 916 mora
1716 876 1759 915 et
1792 873 2104 925 retardatione,
2144 877 2187 916 et
2225 889 2273 916 ea
2310 873 2481 928 quidem

216 952 490 1001 brevissima;
528 966 628 993 nam
664 952 795 994 verba
831 949 957 1005 γλυκύ
985 949 1061 1005 γάρ
1091 947 1204 1005 αὐτῷ
1232 951 1357 1002 μέλος
1386 947 1570 1003 ὀφείλων
1599 946 1834 990 §attenua
1872 961 1909 987 v.
1940 949 1964 987 3
2001 960 2090 987 non
2123 947 2328 989 vertenda
2367 960 2479 988 esse:

218 1024 404 1075 „oblitus
436 1039 530 1065 sum
560 1039 626 1066 me
657 1025 778 1066 dulce
809 1037 978 1065 carmen
1009 1022 1047 1064 ei
1072 1022 1270 1072 debere,“
1305 1021 1399 1062 sed:
1432 1020 1567 1072 „nihil
1597 1020 1786 1061 sentiens
1818 1034 1866 1061 eo
1897 1019 2094 1073 delapsus
2125 1034 2240 1071 sum,
2279 1022 2328 1061 ut
2358 1019 2480 1061 dulce

217 1111 386 1139 carmen
417 1096 650 1138 deberem.“
708 1096 776 1138 Ita
804 1096 941 1137 tribus
972 1094 1022 1136 de
1053 1094 1190 1136 causis
1222 1093 1519 1148 explicandum
1548 1106 1661 1134 esse:
1699 1092 1883 1146 primum
1913 1092 2026 1133 enim
2055 1092 2092 1132 si
2119 1092 2312 1145 longiore
2342 1092 2480 1146 spatio

217 1183 386 1211 carmen
415 1169 556 1223 ipsum
586 1184 610 1211 a
640 1169 820 1212 victoria
849 1168 1109 1221 disjunctum
1146 1167 1320 1217 fuisset,
1363 1166 1597 1208 Pindarum
1626 1165 2027 1219 praetermissurum
2062 1179 2150 1206 non
2186 1164 2338 1214 fuisse,
2378 1165 2481 1219 quin

218 1244 587 1292 commemoraret,
626 1256 733 1295 quae
763 1241 878 1282 intra
905 1241 985 1282 hoc
1016 1239 1204 1294 spatium
1243 1239 1287 1280 111
1318 1239 1406 1280 vita
1435 1238 1610 1280 victoris
1641 1238 1756 1280 facta
1786 1241 2024 1280 memoratu
2054 1237 2184 1292 digna
2212 1237 2484 1287 incidissent3

220 1313 370 1354 deinde
400 1313 632 1367 imaginem
663 1329 814 1356 usurae
843 1313 1010 1355 additae
1041 1312 1201 1365 optime
1232 1311 1282 1352 de
1303 1312 1420 1353 brevi
1445 1311 1651 1364 temporis
1673 1311 1812 1364 spatio
1832 1311 1926 1361 dici,
1958 1310 2123 1352 ratione
2143 1311 2291 1352 habita
2311 1311 2484 1365 grandis

217 1387 409 1427 veterum
438 1385 696 1428 Graecorum
725 1386 909 1435 fenoris3
948 1385 1128 1438 denique
1158 1384 1269 1425 idem
1298 1384 1515 1438 postulare
1553 1384 1682 1425 verba
1719 1382 1971 1438 ἐπιμομφὰν
2009 1381 2173 1435 ἀνδρῶν
2206 1399 2243 1424 v.
2275 1386 2321 1433 9;
2366 1384 2487 1437 vulgi

219 1457 331 1498 enini
367 1459 613 1500 memoriam
651 1459 943 1501 brevissimam
981 1471 1093 1507 esse,
1135 1471 1273 1510 neque
1312 1456 1538 1498 verisimile
1577 1471 1667 1497 esse
1694 1455 1926 1498 Locrenses
1965 1470 2040 1509 per
2078 1457 2314 1509 complures
2351 1471 2486 1498 annos

219 1529 405 1571 Pindaro
435 1545 604 1572 carmen
635 1531 806 1573 debenti
836 1530 1140 1573 succensuisse.
1198 1529 1265 1570 Ad
1304 1544 1411 1583 quae
1449 1530 1706 1582 respondeo:
1749 1529 1934 1582 primum
1971 1544 2007 1569 v.
2040 1527 2275 1571 ἐπιλέλαθα
2313 1529 2485 1571 oblivis-

220 1603 343 1644 cendi
381 1603 466 1644 vim
503 1603 650 1654 habet,
690 1619 776 1646 non
806 1618 915 1652 earn,
954 1617 1080 1656 quam
1110 1601 1374 1644 Schmidtius
1412 1602 1520 1643 falso
1560 1602 1735 1652 statuit3
1778 1602 1927 1644 deinde
1957 1601 2167 1643 Pindarus
2198 1602 2488 1644 memorabilia

221 1675 395 1716 victoris
425 1675 542 1718 facta
571 1677 684 1718 inter
713 1676 936 1717 victoriam
967 1679 1009 1716 et
1036 1689 1206 1716 carmen
1235 1675 1354 1715 nulla
1371 1675 1548 1724 invenit,
1581 1674 1692 1716 sicut
1721 1689 1775 1716 ne
1805 1677 1904 1716 ante
1936 1675 2160 1717 victoriam
2191 1675 2361 1728 quidem
2384 1675 2489 1717 talia

220 1747 403 1799 invenit,
445 1751 617 1790 coactus
647 1749 781 1802 igitur
819 1748 868 1789 de
907 1748 958 1788 iis
998 1747 1116 1796 silet3
1158 1750 1252 1788 tum
1289 1747 1340 1788 de
1369 1747 1556 1801 imagine
1586 1763 1609 1788 a
1639 1749 1786 1789 fenore
1825 1751 1967 1789 sumta
2004 1747 2115 1788 idem
2154 1747 2378 1789 dicendum
2408 1749 2487 1799 est,

220 1819 332 1873 quod
363 1819 625 1862 Schmidtius
664 1822 717 1863 ad
746 1837 782 1862 v.
813 1823 865 1862 86
897 1834 956 1874 sq.
987 1820 1036 1860 de
1068 1823 1316 1862 senescente
1346 1822 1468 1873 patre
1498 1820 1625 1870 dixit,
1666 1820 1733 1862 cui
1763 1820 1875 1861 filius
1905 1823 2075 1874 praeter
2104 1835 2222 1874 spem
2250 1822 2378 1862 natus
2409 1823 2487 1871 est,

221 1892 375 1934 similia
414 1893 574 1935 seilicet
611 1908 697 1935 non
735 1894 861 1935 nimis
902 1892 1095 1947 urgenda
1138 1907 1252 1941 esse;
1294 1892 1375 1934 hac
1405 1894 1518 1933 certe
1548 1893 1864 1947 comparatione
1901 1896 2030 1947 poeta
2058 1893 2165 1933 nihil
2196 1893 2310 1934 aliud
2339 1893 2489 1935 docere

221 1965 325 2014 vult,
357 1979 484 2018 quam
514 1980 681 2007 omnem
712 1966 932 2008 infamiam
962 1965 1088 2007 simu]
1119 1980 1215 2007 cum
1245 1965 1387 2007 debito
1417 1965 1530 2016 tolli,
1563 1966 1599 2006 si
1627 1965 1722 2020 quis
1753 1967 1848 2019 plus
1879 1968 2092 2020 praestat,
2123 1980 2250 2019 quain
2280 1965 2489 2019 promisit.

222 2035 343 2085 Quod
382 2037 562 2091 denique
598 2039 772 2090 statuit,
810 2039 1031 2080 hominum
1069 2038 1315 2080 memoriam
1351 2052 1438 2079 non
1479 2041 1568 2080 tam
1606 2054 1744 2081 acrem
1781 2042 1856 2080 aut
1892 2039 2137 2080 diuturnam
2175 2052 2287 2089 esse,
2327 2041 2376 2080 ut
2414 2052 2490 2092 per

222 2123 433 2151 annorum
457 2111 606 2152 seriem
637 2114 807 2165 poetam
838 2111 1092 2164 vituperent,
1123 2111 1196 2164 qui
1226 2111 1446 2164 promissis
1477 2110 1587 2152 datis
1619 2126 1704 2153 non
1737 2113 1883 2162 staret,
1914 2111 1956 2152 id
1986 2111 2144 2152 nullius
2175 2111 2380 2152 momenti
2411 2114 2489 2162 est,

224 2182 260 2223 si
290 2182 416 2224 lectio
446 2182 570 2231 τόκος
598 2183 812 2236 ὀπαδῶν,
843 2198 970 2237 quam
999 2182 1305 2225 Mommsenius
1337 2197 1358 2224 e
1389 2183 1560 2225 scholiis
1592 2184 1815 2235 excitavit,
1846 2199 1947 2225 vera
1977 2186 2063 2232 est;
2097 2184 2162 2225 sin
2194 2198 2290 2226 cum
2319 2183 2489 2226 Friede-

223 2254 381 2296 richsio
409 2257 451 2296 et
475 2253 709 2297 Schmidtio
740 2257 866 2298 τόκον
897 2254 1060 2309 ἀνδρῶν
1090 2259 1165 2298 aut
1196 2271 1291 2298 011111
1321 2256 1535 2298 codicibus
1565 2256 1740 2310 optimis
1770 2260 1945 2299 θνατῶν
1971 2257 2133 2307 scribis,
2163 2256 2270 2297 nihil
2299 2256 2490 2310 impedit,

223 2326 450 2379 quominus
480 2341 569 2368 non
599 2327 649 2368 de
678 2329 772 2368 toto
798 2327 1071 2370 Locrensium
1100 2329 1270 2383 populo,
1303 2328 1376 2370 sed
1406 2328 1456 2370 de
1487 2329 1576 2371 solo
1598 2329 1856 2383 Agesidamo
1887 2332 1931 2370 et
1962 2329 2052 2383 ejus
2083 2332 2212 2383 gente
2242 2329 2492 2383 cogitemus.

222 2397 433 2440 Primaria
461 2399 596 2452 igitur
624 2399 850 2441 Schmidtii
881 2401 1098 2443 sententia
1126 2415 1213 2442 non
1244 2401 1471 2442 admodum
1501 2402 1634 2442 firmis
1664 2401 1956 2443 fundamentis
1997 2402 2177 2444 fundata
2216 2404 2294 2443 est.
2351 2402 2491 2456 Inspi-

224 2471 384 2513 ciamus
416 2475 574 2514 cetera:
607 2471 722 2520 Quae
753 2472 915 2515 duobus
946 2474 1093 2527 primis
1124 2474 1317 2515 versibus
1347 2477 1579 2515 narrantur
1609 2489 1659 2516 ex
1689 2475 1904 2516 communi
1934 2477 2157 2528 poetarum
2183 2475 2492 2517 consuetudine

224 2543 475 2597 deprompta
504 2558 595 2585 esse
626 2548 791 2595 censet,
833 2560 1013 2599 quorum
1046 2546 1082 2587 is
1113 2546 1170 2587 sit
1210 2561 1322 2595 mOS,
1366 2549 1414 2587 ut
1445 2546 1681 2588 carminum
1712 2548 1934 2588 materiam
1965 2546 2223 2601 aliquamdiu
2253 2547 2298 2588 in
2327 2547 2491 2589 intimis

225 2617 355 2657 animi
376 2617 611 2658 recessibus
634 2616 850 2670 deponant
875 2621 918 2659 et
939 2622 1220 2672 concoquant,
1251 2619 1385 2661 donec
1404 2620 1698 2661 maturitatem
1719 2619 1874 2673 adepta
1894 2620 2075 2661 formam
2096 2620 2307 2673 poeticam
2328 2619 2491 2661 induat.

226 2687 308 2731 Sed
346 2689 444 2732 huic
480 2690 828 2743 interpretationi
865 2691 988 2732 obest
1026 2691 1273 2745 conjunctio
1310 2692 1386 2746 γάρ
1427 2706 1462 2733 v.
1502 2694 1547 2741 33
1586 2695 1807 2746 exspectas
1846 2692 1980 2733 enim:
2022 2706 2149 2741 „nam
2185 2691 2490 2746 Agesidamum

227 2763 414 2803 canam.“
463 2761 597 2803 Poeta
618 2776 715 2803 vero
737 2763 799 2803 ita
827 2763 991 2816 pergit:
1022 2763 1162 2814 „Nam
1193 2763 1352 2805 oblitus
1383 2778 1490 2815 sum,
1521 2779 1588 2806 me
1618 2765 1656 2805 ei
1685 2779 1855 2806 carmen
1883 2764 2168 2818 promisisse.“
2214 2763 2325 2806 Vere
2354 2765 2490 2819 igitur

229 2833 386 2874 oblitus
416 2835 620 2876 victorem
650 2835 881 2888 imaginem
910 2835 1001 2889 ejus
1031 2836 1077 2877 in
1106 2839 1249 2877 mente
1279 2836 1484 2878 latentem
1524 2838 1691 2890 quaerit
1732 2838 1777 2878 et'
1813 2837 2052 2879 resuscitat.
2110 2836 2203 2879 Hoc
2241 2851 2326 2878 uno
2363 2837 2489 2879 modo

228 2919 277 2946 ea
306 2920 412 2959 quae
442 2910 680 2960 sequuntur
708 2907 816 2948 bene
847 2907 1086 2949 cohaerent.
1143 2907 1268 2949 Musa
1306 2908 1419 2949 enim
1458 2911 1501 2951 et
1531 2909 1702 2951 Veritas
1732 2912 1866 2951 testes
1898 2911 2147 2957 evocantur,
2187 2911 2236 2949 ut
2265 2911 2436 2962 poetam
2465 2924 2491 2952 a

227 2977 338 3019 malo
368 2980 409 3019 et
440 2978 601 3031 injusto
633 2980 807 3021 crimine
847 2979 991 3032 (ἐνιπαὶ
1028 2979 1267 3030 ἅλιτόξειός
1304 2995 1341 3021 v.
1383 2981 1446 3033 6),
1492 2985 1710 3036 tamquam
1751 2983 1928 3024 consilio
1966 2985 2009 3024 et
2047 2982 2269 3023 voluntate
2307 2982 2489 3024 amicum

228 3050 581 3102 praetermiserit,
617 3051 857 3094 defendant.
916 3052 1015 3095 Jam
1045 3053 1233 3103 additur,
1274 3055 1323 3094 ut
1353 3067 1478 3107 quam
1507 3055 1717 3109 injustum
1748 3055 1789 3096 id
1821 3055 1980 3097 crimen
2009 3056 2122 3096 esset
2151 3055 2354 3107 appareat
2383 3068 2489 3107 quo-
