2724 3518
189 732 662 822 Disputationum
708 733 1162 802 Pindaricarum
1211 755 1355 821 pars
1405 734 1614 819 altera,
1671 732 2075 803 Schmidtiana
2125 735 2456 805 continens.

1190 951 1449 971 ——oooess

412 1108 582 1150 Abhinc
624 1109 818 1150 undecim
856 1123 992 1149 annos
1034 1108 1273 1162 Leopoldus
1318 1107 1579 1150 Schmidtius
1625 1107 1812 1160 amplum
1851 1110 1893 1148 et
1942 1107 2160 1160 copiosum
2203 1108 2359 1149 librum
2407 1110 2457 1150 de

189 1179 365 1221 Pindari
392 1181 482 1222 vita
506 1184 549 1223 et
572 1181 831 1223 carminibus
857 1181 1183 1235 coiism·ipsit,*)
1215 1195 1299 1233 quo
1338 1195 1494 1221 novam
1521 1178 1832 1233 interpretandi
1868 1183 2018 1232 poetae
2048 1180 2160 1221 viam
2189 1180 2373 1222 institit:
2406 1182 2458 1223 ad

187 1252 417 1305 lyricorum
447 1254 560 1294 enim
589 1256 811 1307 poetarum
842 1254 1031 1295 carmina
1059 1253 1288 1294 maximam
1318 1253 1404 1294 vim
1433 1253 1588 1293 habere
1620 1255 1662 1293 et
1691 1252 1804 1293 vitae
1835 1254 2021 1293 aetatem
2051 1255 2093 1293 et
2123 1266 2265 1293 rerum
2295 1256 2458 1295 statum

188 1327 317 1378 atque
347 1325 651 1378 conditionem,
689 1327 842 1380 quibus
874 1326 1040 1367 animus
1070 1328 1222 1380 poetae
1252 1326 1354 1367 adeo
1384 1328 1607 1366 moveatur
1637 1328 1764 1378 atque
1805 1326 2112 1373 commutetur,
2156 1328 2205 1365 ut
2242 1325 2466 1378 interdum

187 1397 361 1440 difficile
391 1399 448 1439 sit
480 1399 561 1440 sibi
590 1399 842 1452 persuadere
872 1399 989 1440 varia
1019 1399 1223 1452 cujusque
1255 1398 1441 1439 carmina
1471 1398 1523 1438 ab
1552 1412 1637 1439 uno
1669 1397 1899 1450 eodemque
1930 1399 2102 1437 auctore
2128 1398 2322 1450 proiecta
2352 1414 2454 1441 esse.

186 1470 236 1512 Id
276 1471 321 1511 in
361 1470 591 1512 Goethium
629 1474 825 1513 nostrum
861 1471 1008 1513 cadere
1046 1471 1260 1512 neminem
1296 1485 1383 1511 non
1426 1470 1677 1520 concedere,
1721 1469 1770 1511 de
1808 1469 1994 1510 Pindaro
2034 1469 2230 1510 dubitari.
2305 1470 2455 1525 Neque

186 1546 332 1584 tamen
361 1544 588 1585 verisimile
621 1558 731 1593 esse,
774 1547 923 1598 poetas
953 1544 1108 1597 lyricos
1142 1543 1326 1585 Graecos
1356 1543 1430 1584 illa
1457 1543 1572 1595 lege,
1617 1556 1724 1595 quae
1762 1544 1904 1583 totum
1935 1555 2070 1594 genus
2100 1542 2277 1595 lyricum
2308 1548 2455 1586 teneat

187 1619 315 1670 atque
347 1620 482 1671 regat,
515 1619 703 1658 exemtos
733 1616 879 1657 fuisse.
936 1616 1081 1670 Atque
1110 1616 1373 1669 reliquorum
1403 1615 1572 1668 quidem
1601 1615 1802 1668 pauciora
1831 1614 2020 1656 carmina
2050 1628 2290 1667 superesse,
2327 1631 2454 1669 quam

187 1692 236 1730 ut
260 1690 384 1743 plane
411 1689 661 1742 dignoscere
685 1689 836 1742 possis,
867 1689 1078 1742 quomodo
1109 1703 1177 1730 ars
1209 1703 1355 1730 eorum
1384 1688 1591 1742 paulatim
1615 1690 1753 1737 aucta,
1785 1687 1997 1729 sentiendi
2018 1687 2316 1740 cogitandique
2342 1690 2453 1730 ratio

186 1764 354 1803 mutata
383 1762 459 1811 sit3
490 1761 665 1803 Pindari
693 1777 793 1804 vero
823 1763 1057 1804 carminum
1086 1764 1256 1802 tantam
1295 1761 1458 1814 copiam
1497 1775 1547 1801 ex
1586 1761 1783 1801 omnibus
1822 1760 1934 1801 vitae
1973 1759 2186 1800 aetatibus
2227 1775 2360 1814 usque
2399 1763 2453 1803 ad

184 1838 333 1876 nostra
370 1837 564 1888 tempora
601 1835 800 1876 fortunae
830 1835 975 1876 favore
1006 1836 1303 1875 conservatam
1341 1849 1452 1884 esse,
1500 1837 1549 1874 ut
1587 1833 1661 1886 'qui
1701 1835 1869 1873 attento
1905 1846 1954 1873 ea
1996 1832 2136 1873 animo
2174 1833 2290 1887 legat
2329 1834 2453 1876 facile

184 1907 423 1961 intelligere
452 1908 610 1961 possit,
641 1923 666 1949 a
695 1908 848 1961 quibus
878 1907 1013 1948 initiis
1044 1907 1096 1948 ad
1127 1910 1332 1960 quantam
1362 1906 1670 1959 praestantiam
1701 1908 1828 1958 poeta
1857 1918 2109 1957 progressus
2140 1905 2208 1946 sit.
2265 1905 2451 1948 Multum

185 1980 298 2020 enim
326 1980 440 2021 inter
470 1995 514 2021 se
545 1981 714 2033 singula
744 1980 932 2022 carmina
962 1980 1141 2020 differre.
1199 1979 1249 2019 Id
1279 1993 1425 2020 omnes
1455 1992 1590 2032 usque
1620 1977 1756 2018 adhuc
1786 1977 2044 2030 interpretes
2075 1976 2249 2018 Pindari
2287 1978 2452 2032 fugisse

184 2052 339 2093 mirum
366 2067 454 2094 non
486 2067 596 2104 esse,
635 2054 793 2107 quippe
828 2067 959 2106 quum
997 2066 1196 2106 perversa
1234 2051 1419 2104 quadum
1458 2054 1500 2092 et
1539 2051 1730 2091 obsoleta
1764 2049 1968 2090 historiae
2006 2050 2254 2091 tractandae
2284 2051 2450 2092 ratione

184 2124 300 2166 ducti
331 2127 374 2166 et
403 2125 570 2179 decepti
597 2126 643 2166 in
668 2126 910 2179 judicandis
941 2125 1121 2179 singulis
1152 2125 1278 2165 rebus
1317 2139 1341 2165 a
1380 2138 1522 2165 rerum
1564 2122 1845 2176 scriptoribus
1887 2121 2058 2162 traditis
2099 2124 2288 2163 aetatum
2325 2122 2450 2164 modo

184 2199 227 2238 et
259 2198 454 2250 gentium
492 2198 702 2239 rationem
739 2198 894 2239 habere
932 2198 1256 2247 consueverint,
1298 2211 1384 2238 non
1416 2196 1683 2249 singulorum
1710 2194 1950 2244 hominum,
1994 2194 2179 2247 ingeniis
2218 2198 2260 2235 et
2298 2195 2451 2236 studiis

183 2284 487 2323 usquequaque
517 2270 790 2312 diversorum.
846 2270 988 2311 Aliam
1017 2271 1153 2323 igitur
1182 2269 1552 2322 interpretationis
1583 2267 1793 2309 rationem
1824 2266 2106 2308 adhibendam
2136 2281 2239 2308 esse.

409 2342 692 2391 Quamobrem
730 2342 991 2385 Schmidtius
1032 2344 1206 2384 narrata
1243 2344 1394 2395 poetae
1432 2341 1522 2382 vita
1569 2339 1739 2394 singula
1775 2339 1962 2380 carmina
2001 2342 2170 2381 servato
2208 2343 2451 2393 temporum

185 2429 268 2469 quo
310 2416 506 2469 quodque
551 2416 758 2470 scriptum
798 2419 864 2457 est
902 2415 1048 2457 ordine
1093 2416 1155 2456 ita
1201 2416 1460 2468 pertractat,
1509 2416 1557 2454 ut
1602 2413 1773 2459 doceat,
1823 2411 1959 2464 prima
2007 2412 2194 2453 carmina
2241 2412 2357 2452 vitiis
2406 2415 2449 2453 et

184 2488 396 2529 erroribus
424 2488 578 2529 tironis
607 2488 876 2530 inexercitati
904 2489 1039 2529 libera,
1069 2502 1158 2529 non
1187 2502 1291 2538 esse,
1322 2487 1530 2540 paulatim
1559 2501 1745 2528 crescere
1776 2488 1914 2527 artem
1942 2487 2114 2538 poetae,
2149 2485 2222 2537 qui
2251 2485 2304 2525 ab
2335 2499 2447 2526 anno

184 2560 337 2601 aetatis
368 2561 691 2615 quadragesimo
720 2575 855 2614 usque
885 2561 938 2601 ad
976 2560 1289 2614 sexagesimum
1326 2559 1698 2613 praestantissima
1736 2559 1808 2599 illa
1847 2557 2035 2600 carmina
2077 2557 2249 2606 fecerit,
2293 2557 2448 2610 quibus

183 2633 369 2687 primum
396 2634 509 2674 inter
538 2634 693 2686 lyricos
723 2634 863 2676 locum
893 2633 1152 2681 obtinuerit,
1191 2634 1409 2686 postrema
1437 2646 1537 2673 vero
1569 2631 1776 2681 carmina,
1815 2644 1921 2684 quae
1960 2629 2188 2683 olympiadi
2217 2628 2375 2670 LXXX
2405 2632 2448 2671 et

183 2705 365 2746 LXXXI
395 2706 668 2748 attribuenda
697 2707 797 2757 sint,
826 2708 1129 2759 languescente
1158 2705 1200 2746 vi
1224 2704 1393 2758 poetica
1413 2705 1647 2746 senectutis
1667 2703 1825 2745 indicia
1844 2702 2034 2756 prodere,
2066 2702 2119 2742 ab
2139 2701 2448 2754 interpretibus

182 2778 396 2832 prioribus
425 2793 512 2820 non
543 2780 649 2820 satis
678 2780 856 2821 detecta.
914 2779 1019 2820 Tres
1048 2779 1184 2831 igitur
1215 2779 1377 2819 aetates
1408 2776 1733 2829 distinguendas
1765 2789 1877 2817 esse:
1910 2773 2204 2823 adolescentiS,
2236 2773 2443 2823 florentis,

183 2851 444 2894 senescentis
485 2855 646 2905 poetae.
716 2852 858 2907 Atque
907 2866 983 2893 sua
1031 2851 1181 2904 cuique
1229 2850 1362 2892 aetati
1402 2849 1574 2902 propria
1614 2863 1729 2898 esse3
1778 2862 1877 2890 nam
1923 2849 1966 2887 et
2012 2848 2246 2887 metrorum
2284 2860 2365 2886 usu
2402 2848 2447 2887 et

404 3032 442 3076 ἤιε)
468 3030 618 3075 ἓβίηδατέ
643 3029 740 3066 &ben
763 3030 831 3066 unb
855 3029 1032 3075 ffiicbtung,
1064 3027 1240 3073 burgessesst
1271 3035 1339 3062 non
1369 3026 1502 3071 Qeopoffi
1535 3025 1693 3071 &bmibt
1720 3025 1858 3067 'ffinnm
1891 3023 1940 3059 hei
1970 3023 2097 3069 athomi)
2130 3023 2286 3059 ffltutcuss.
2342 3021 2444 3057 1862.

182 3089 229 3125 8⁰.
278 3089 345 3126 532
371 3089 416 3124 6.

1971 3149 1990 3186 1
