2724 3518
1311 162 1370 207 32

1207 299 1366 352 Nem.
1413 297 1477 350 V.

436 402 738 456 Interpretatio
757 400 885 454 hujus
906 399 1105 442 carminis
1128 399 1377 441 difficillima
1405 401 1483 447 est,
1510 397 1622 451 quod
1649 410 1799 449 neque,
1822 408 2038 448 quo,anno
2061 394 2240 435 victoria
2263 395 2482 446 reportata

213 481 270 521 sit
312 479 465 521 scimus
502 488 638 528 neque
686 473 736 514 de
781 473 942 515 victore
992 472 1135 525 ejusve
1190 475 1318 525 gente
1364 470 1545 513 certiora
1597 468 1757 510 tradita
1809 469 1921 507 sunt.
1987 466 2036 507 Id
2073 469 2218 507 tamen
2257 465 2480 506 Dissenius

215 549 534 598 demonstravit,
565 547 676 587 hanc
706 545 830 587 odam
850 547 949 586 ante
968 543 1174 585 Isthmv
1203 546 1421 585 cantatam
1450 556 1553 591 esse,
1585 555 1774 594 pugnam
1801 539 1935 592 igitur
1956 538 2230 580 Salaminiam
2260 538 2481 591 aliquanto

214 622 478 668 antecedere3
510 622 552 660 et
584 619 634 660 de
656 618 780 659 rebus
807 620 934 671 atque
964 618 1093 670 gente
1113 616 1288 657 victoris
1312 613 1481 668 egregie
1502 613 1829 666 disputaverunt
1848 610 2102 651 Leutschius
2116 609 2161 663 *)
2192 613 2234 651 et
2255 609 2482 651 Rauchen-

215 691 497 745 3101111113**),
537 705 717 745 quorum
756 704 905 743 operae
942 691 984 729 01
1013 688 1176 741 ingenii
1206 687 1391 729 acumini
1420 686 1524 727 haec
1554 685 1642 726 fere
1673 684 1893 725 debemus:
1932 681 2161 737 Lamponis
2193 682 2429 735 Aeginetae
2460 695 2481 721 e

212 769 340 819 gente
370 763 721 817 Psalychidarum
759 762 840 803 duo
883 760 959 801 filii
997 762 1140 810 erant,
1179 760 1368 813 Pytheas
1407 758 1543 811 major
1579 759 1621 798 et
1652 755 1906 809 Phylacidas
1949 755 2090 795 minor
2122 756 2252 803 natu,
2302 767 2482 805 quorum

215 837 493 880 consobrinus
524 836 815 888 Euthymenes
847 835 950 875 erat.
1009 831 1272 873 Themistius
1302 832 1391 881 ille,
1430 831 1504 884 qui
1531 845 1569 870 v.
1602 831 1653 870 50
1685 829 2062 877 commemoratur,
2107 830 2149 868 et
2180 827 2270 880 ipse
2301 840 2483 867 consan-

214 910 427 964 guinitate
459 924 554 950 cum
594 908 645 948 iis
684 907 958 961 conjunctim,
997 918 1130 958 nepos
1168 907 1259 946 erat
1299 919 1323 945 a
1359 905 1480 957 patre
1511 901 1737 942 Themistii
1776 900 1907 949 illius,
1951 899 2002 939 de
2041 914 2124 953 quo
2162 899 2315 940 Isthm.
2345 897 2398 946 V,
2432 900 2482 938 65

215 997 351 1024 sermo
382 984 458 1023 est.
516 981 634 1022 Idem
665 978 926 1021 Themistius
958 991 1062 1018 avus
1094 978 1184 1017 erat
1214 975 1406 1030 Pytheae
1437 977 1479 1015 et
1508 973 1777 1026 Phylacidae,
1809 972 1881 1012 sed
1912 987 1936 1012 a
1962 974 2110 1012 matre.
2168 970 2283 1012 Num
2318 969 2483 1023 Euthy-

215 1068 358 1095 menes
388 1054 522 1094 frater
564 1052 790 1094 Themistii
830 1051 1006 1092 minoris
1050 1048 1181 1089 fuerit
1225 1063 1278 1089 an
1322 1046 1618 1096 consobrinus,
1661 1045 1732 1086 vix
1783 1044 2007 1098 dijudicari
2048 1047 2213 1098 potest;
2256 1042 2485 1084 verisimile

216 1128 357 1167 autem
388 1129 466 1175 est,
493 1140 588 1166 eum
618 1125 691 1166 illo
722 1128 911 1177 tempore
943 1120 1308 1163 adolescentulum
1336 1119 1480 1169 fuisse,
1511 1118 1594 1158 illis
1626 1117 1855 1170 aequalem.

435 1197 499 1239 De
529 1198 654 1239 rebus
687 1211 832 1239 eorum
862 1196 942 1237 11οο
977 1208 1109 1235 unum
1141 1191 1320 1241 scimus,
1361 1206 1431 1233 eos
1471 1190 1619 1231 multis
1649 1189 1839 1231 victoriis
1878 1191 2052 1230 ornatos
2092 1187 2235 1229 fuisse.
2296 1187 2483 1241 Pytheas

215 1270 327 1311 enim
357 1285 443 1311 non
475 1270 612 1311 solum
641 1269 844 1319 Nemeae,
885 1267 957 1308 sed
996 1266 1124 1307 etiam
1154 1263 1340 1317 Megaris
1380 1266 1422 1305 et
1460 1263 1504 1303 in
1535 1262 1703 1315 Aegina
1741 1262 1913 1303 vicerat,
1971 1260 2223 1313 Phylacidas
2262 1264 2411 1314 postea
2440 1260 2485 1300 111

214 1342 379 1383 Isthmo
401 1342 466 1383 1113
490 1345 719 1384 coronatus
742 1343 828 1389 est;
857 1339 1149 1391 Euthymenes
1167 1336 1257 1390 jam
1278 1338 1379 1377 ante
1398 1336 1508 1377 hanc
1528 1335 1752 1376 victoriam
1782 1335 1825 1375 in
1854 1334 2020 1387 Aegina
2044 1333 2224 1374 feliciter
2247 1334 2485 1374 certaverat

216 1417 258 1456 et
289 1414 402 1455 haud
442 1414 527 1456 scio
566 1429 619 1455 an
657 1414 701 1454 in
731 1412 896 1454 Isthmo
926 1424 1116 1464 quoque3
1159 1408 1421 1450 Themistius
1452 1406 1655 1460 Epidauri
1693 1406 1913 1459 pugilatus
1956 1407 1998 1449 et
2035 1405 2245 1459 pancratii
2285 1405 2485 1446 eximium

216 1487 450 1540 praemium
480 1487 593 1527 tulit.
2129 1527 2131 1530 v

441 1557 687 1600 Sententiae
726 1556 924 1599 carminis
954 1556 1016 1597 ita
1046 1569 1090 1596 se
1122 1554 1358 1608 excipiunt:
1402 1553 1592 1606 Pytheae
1631 1551 1807 1593 victoria
1845 1550 2055 1592 laudanda
2094 1553 2180 1600 est,
2218 1549 2376 1603 quippe
2414 1549 2487 1602 qui

217 1631 409 1673 Aeacidis
445 1631 650 1672 honorem
679 1629 890 1683 pepererit
928 1632 970 1670 et
1002 1628 1212 1681 Aeginae,
1250 1641 1325 1680 pro
1358 1626 1480 1679 cujus
1519 1625 1656 1666 salute
1692 1623 1905 1677 quondam
1944 1638 2030 1664 uno
2069 1623 2209 1664 animo
2240 1625 2328 1663 tres
2361 1622 2487 1663 Aeaci

214 1704 291 1744 filii
331 1705 430 1744 ante
469 1702 590 1744 Jovis
632 1717 748 1743 aram
785 1715 930 1755 preces
968 1701 1163 1742 feceruut
1203 1697 1391 1751 (1—13).
1459 1697 1537 1745 Qui
1579 1697 1854 1751 quamobrem
1894 1711 1943 1737 ex
1985 1695 2125 1736 insula
2169 1695 2486 1749 emigraverint,

217 1776 386 1817 silentio
415 1778 654 1829 praetereo,
697 1789 826 1828 quum
866 1788 952 1815 non
992 1787 1158 1826 semper
1193 1772 1316 1825 juvet
1347 1785 1492 1811 verum
1529 1770 1667 1811 dicere
1706 1768 1923 1821 (14—18).
1990 1768 2047 1809 At
2087 1768 2123 1808 si
2152 1768 2354 1809 victoriae
2393 1767 2487 1808 laus

217 1848 501 1902 praedicanda
531 1850 618 1898 est,
657 1848 756 1888 boni
789 1846 1006 1888 saltatoris
1047 1845 1195 1886 similis
1228 1858 1374 1885 onmes
1407 1843 1682 1883 difficultates
1714 1856 1887 1896 supero,
1929 1841 2013 1882 imo
2051 1840 2214 1894 aquilae
2244 1841 2384 1880 instar
2422 1839 2490 1880 vel

217 1921 351 1962 maria
381 1920 601 1961 transvolo
631 1920 675 1960 in
707 1919 867 1969 Pelion,
900 1919 969 1959 ubi
1001 1918 1214 1972 quondam
1244 1916 1397 1970 Apollo
1429 1931 1453 1956 a
1483 1915 1616 1956 Musis
1648 1914 1935 1957 circumdatus
1958 1913 2131 1954 Peleum
2163 1912 2349 1954 carmine
2381 1911 2488 1953 cele-

216 1993 358 2034 bravit
382 1993 425 2033 111
451 1993 710 2033 solemnibus
736 1992 997 2046 nuptiarum,
1028 2005 1158 2044 quum
1181 1989 1405 2030 Thetidem
1436 1988 1474 2029 ei
1505 1988 1717 2029 castitatis
1749 1989 1791 2028 et
1821 1986 1995 2041 pietatis
2026 1985 2260 2038 praemium
2286 1984 2489 2038 Juppiter

219 2066 264 2105 in
295 2065 616 2106 matrimonium
655 2065 793 2115 daret,
832 2064 1103 2106 reconciliato
1138 2062 1272 2104 fratre
1301 2060 1525 2115 Neptuno,
1559 2060 1716 2101 Isthmi
1746 2059 1916 2101 domino
1959 2062 2001 2100 01
2030 2057 2226 2099 ludorum
2266 2056 2488 2098 celeberri-

219 2151 385 2178 morum
408 2137 599 2191 praeside
621 2138 841 2189 (19—39).
898 2137 1037 2178 Insita
1067 2136 1179 2177 enim
1201 2135 1338 2176 virtus
1369 2134 1609 2187 ubicunque
1634 2132 1864 2186 plurimum
1886 2131 2010 2172 valet.
2068 2130 2174 2171 Eam
2194 2129 2488 2183 Euthymenes

220 2224 387 2263 quoque
426 2213 468 2251 et
508 2209 696 2263 Pytheas
734 2210 1064 2264 praestiterunt,
1111 2222 1241 2261 quum
1280 2206 1464 2261 primum
1505 2205 1739 2247 certamina
1782 2204 1990 2245 adierunt.
2055 2203 2147 2245 lmo
2190 2217 2335 2244 omnes
2376 2202 2488 2243 cives

220 2283 460 2336 Aeginetici
496 2283 608 2324 inter
643 2297 686 2323 se
726 2282 774 2323 de
810 2282 971 2322 virtute
1010 2281 1291 2322 aemulantur.
1361 2277 1425 2319 Ne
1463 2292 1561 2319 vero
1604 2277 1885 2326 obliviscaris,
1927 2278 2135 2329 quantum
2174 2274 2225 2316 ad
2266 2274 2491 2316 victoriam

222 2354 524 2408 reportandam
561 2354 794 2396 Menander
838 2354 1044 2407 magister
1086 2353 1294 2394 attulerit.
1363 2350 1619 2392 Laudandus
1661 2349 1841 2403 denique
1879 2348 2141 2390 Themistius
2179 2361 2367 2400 quoque,
2417 2345 2491 2400 qui

222 2428 412 2469 victoriis
445 2427 621 2468 summis
651 2428 835 2481 patriam
865 2426 983 2467 auxit
1016 2424 1252 2478 (40—fin.).

445 2500 543 2542 Jam
581 2500 967 2542 animadvertamus
1008 2498 1215 2547 fabulam,
1254 2511 1362 2551 quae
1392 2497 1436 2537 in
1468 2495 1571 2536 duas
1608 2498 1753 2549 partes
1796 2493 2078 2547 disjungitur,
2128 2506 2309 2545 quarum
2350 2491 2491 2545 priore

223 2575 455 2614 narrantur
499 2575 586 2614 tres
622 2572 751 2613 Aeaci
786 2571 862 2612 filii
901 2586 985 2612 uno
1025 2571 1166 2612 animo
1211 2572 1311 2611 ante
1350 2569 1470 2610 Jovis
1509 2583 1626 2609 aram
1664 2582 1807 2622 preces
1846 2567 2016 2616 fecisse,
2060 2567 2109 2606 ut
2147 2565 2331 2618 patriam
2370 2578 2491 2604 suam

227 2644 346 2685 bonis
377 2645 479 2686 viris
518 2648 559 2686 et
598 2644 887 2698 navigationis
924 2643 1047 2685 laude
1088 2645 1270 2683 ornaret.
1343 2641 1577 2695 Postquam
1612 2642 1739 2694 poeta
1776 2639 1914 2681 obiter
1951 2638 2076 2679 triste
2118 2637 2288 2690 aliquod
2329 2636 2490 2678 factum

226 2717 386 2770 tetigit,
418 2717 632 2758 celerrime
663 2717 820 2758 transit
850 2717 901 2758 ad
930 2716 1046 2758 Pelei
1074 2714 1253 2765 laudem,
1285 2715 1358 2768 qui
1387 2714 1441 2755 ob
1471 2713 1740 2767 repudiatum
1766 2711 2021 2752 adulterium
2046 2709 2190 2751 divino
2217 2706 2491 2750 matrimonio

228 2803 252 2829 a
281 2789 386 2830 Jove
425 2790 608 2831 donatus
648 2791 690 2830 et
726 2789 771 2830 in
801 2789 974 2830 deorum
1017 2790 1229 2830 conventu
1269 2787 1320 2828 ab
1358 2787 1449 2840 ipso
1480 2785 1706 2839 Musageta
1741 2784 1937 2825 laudibus
1978 2782 2153 2824 summis
2194 2783 2373 2822 ornatus
2413 2782 2491 2830 est,

229 2863 278 2901 ut
314 2875 409 2902 vere
447 2861 598 2903 Peleus
636 2862 680 2902 in
720 2876 865 2903 eorum
903 2875 1080 2902 numero
1118 2859 1338 2901 habendus
1377 2859 1434 2900 sit
1470 2860 1659 2912 λέγονται
1693 2856 1778 2911 μάν
1811 2859 1976 2912 βροτῶν
2013 2854 2142 2910 ὄλβον
2177 2852 2414 2906 ὑπέρτατον
2452 2851 2499 2894 οἳ

469 3004 500 3047 *)
525 3004 616 3038 Μ113.
642 3004 758 3038 1111011.
783 3004 886 3038 XVII
914 3016 949 3048 p.
975 3004 1042 3038 338
1068 3015 1145 3047 sqq.

453 3062 503 3105 **)
528 3061 637 3096 Uleuess
662 3061 845 3106 fficbmdger.
871 3062 963 3104 imni.
988 3060 1053 3095 ΙΙΙ.
1078 3072 1114 3105 p.
1139 3060 1332 3096 243-254.
