2724 3518
1237 184 1292 228 11

133 322 283 371 utitur,
313 326 359 363 τέ
386 325 550 375 quater.
610 320 788 373 Saepius
819 321 1044 374 conjungit
1075 336 1174 363 voce
1205 323 1252 363 δέ
1280 321 1432 371 (sexies
1454 319 1624 373 decies),
1657 321 1730 362 sed
1751 321 1897 362 eadem
1919 337 1949 363 e.
1973 336 2035 376 gr.
2058 323 2103 363 in
2124 322 2281 376 Pythio
2296 323 2407 366 VIII

133 393 260 434 vicies
291 396 358 434 ter
388 394 544 443 utitur,
577 391 641 433 Ol.
672 392 694 432 I
723 393 851 433 vicies
883 393 1031 441 sexies,
1063 392 1108 433 P.
1136 393 1157 434 Ι
1186 393 1313 434 vicies
1344 394 1590 447 quinquies,
1622 393 1665 433 P.
1696 393 1741 434 II
1771 393 2069 436 duodetricies.
2129 394 2286 436 Novies
2317 411 2405 438 non

133 465 423 519 conjungitur,
456 465 527 507 sed
558 465 670 505 idem
697 465 916 505 invenitur
946 480 978 506 0.
1012 479 1072 518 gr.
1104 464 1152 506 P.
1170 465 1278 505 VIII
1309 466 1454 511 octies,
1486 464 1548 506 Ol.
1568 465 1630 506 IV
1661 468 1825 519 quater,
1856 466 1894 506 J.
1925 465 1988 507 VI
2017 467 2258 521 quinquies,
2291 467 2353 509 Ol.
2384 468 2405 509 I

132 538 292 588 novies,
324 538 370 579 P.
386 538 407 579 I
436 539 563 579 vicies
596 537 736 586 semel,
768 536 814 576 P.
834 537 878 578 II
897 537 1132 578 duodecies.
1183 536 1274 584 Quo
1293 537 1382 589 jam
1404 542 1671 579 evanuerunt
1693 539 2026 588 criminationes,
2058 540 2141 580 imo
2166 540 2404 582 calumniae

131 610 268 651 istae?
328 610 440 659 Quas
471 610 629 650 diluere
658 623 790 662 quum
819 609 984 650 minimi
1014 609 1170 650 laboris
1200 609 1352 659 fuerit,
1389 609 1479 662 jam
1517 611 1799 651 confidentius
1837 614 2008 652 transeo
2049 612 2101 652 ad
2132 611 2405 654 refellendam

133 683 311 724 alteram
341 682 667 724 accusationem.

354 754 575 808 Improbas
604 755 730 805 enim,
758 755 821 795 vir
842 754 1097 803 doctissime,
1129 756 1393 796 structuram
1419 770 1587 808 quoque
1618 758 1654 796 et
1680 755 1865 796 orci'incm
1889 756 2189 797 sententiarum
2220 771 2298 798 nec
2319 771 2406 798 non

133 827 324 880 singulas
363 830 508 880 partes
548 827 656 868 male
692 828 806 868 inter
844 841 888 867 se
927 827 1148 868 cohaerere
1187 827 1420 867 contendis.
1488 828 1624 875 Quid?
1663 843 1767 868 num
1803 829 1975 881 ignoras
2007 828 2239 868 Pindarum
2271 830 2405 870 solere

132 899 320 941 carmina
358 914 434 940 sua
471 900 533 940 ita
570 902 734 949 texere,
773 903 822 940 ut
859 898 1075 940 interdum
1114 898 1233 939 filum
1271 899 1532 941 intermittat
1575 903 1617 941 et
1656 900 1708 941 ad
1739 901 1864 942 aliam
1894 915 1983 942 rem
2013 903 2231 950 transeat,
2274 900 2406 943 donec

134 986 210 1013 suo
240 972 330 1013 loco
360 972 654 1013 intermissum
683 972 802 1013 filum
832 972 1010 1024 recipiat
1040 974 1082 1011 et
1112 985 1201 1011 rem
1232 971 1456 1013 absolvat?
1515 973 1737 1013 Interdum
1776 988 1875 1014 vero
1914 977 2037 1014 tenor
2067 976 2109 1015 et
2141 973 2270 1014 series
2310 988 2406 1014 sen-

132 1044 365 1084 tentiarum
394 1058 480 1085 11011
511 1048 661 1097 poetae
692 1045 881 1093 consilio,
914 1045 986 1085 sed
1016 1043 1116 1084 mali
1145 1044 1394 1097 interpretis
1426 1046 1550 1099 culpa
1574 1045 1913 1098 interrumpitur,
1947 1049 1994 1086 ut
2028 1060 2123 1086 cum
2144 1044 2405 1087 Schmidtius

131 1119 303 1169 poetam
343 1117 684 1170 splendidissimo
724 1117 894 1158 exordio
932 1118 1047 1158 sacto
1089 1116 1232 1156 subito
1271 1117 1321 1156 ad
1359 1117 1485 1158 aliam
1524 1133 1613 1159 rem
1650 1117 1834 1158 transire
1873 1120 2009 1171 putat.
2072 1117 2172 1159 Non
2203 1119 2316 1159 enim
2345 1119 2408 1160 ita

131 1202 199 1229 res
231 1204 274 1229 se
303 1189 446 1239 habet,
478 1192 526 1230 ut
557 1205 593 1230 v.
624 1194 650 1231 4
685 1190 931 1230 intermissa
969 1189 1163 1229 oratione
1202 1203 1361 1230 novum
1399 1191 1570 1231 initium
1600 1191 1741 1244 capiat
1771 1192 1899 1243 poeta
1935 1191 2228 1244 interrogans:
2269 1191 2406 1242 „Quid

131 1275 280 1302 canam
309 1262 361 1302 ad
392 1277 482 1303 rem
512 1265 693 1316 aptum?
732 1261 814 1303 Sed
844 1262 987 1314 Pytho
1018 1277 1085 1303 me
1115 1266 1240 1303 vocat
1271 1264 1376 1303 etc.“
1436 1262 1527 1303 Imo
1558 1277 1624 1304 res
1654 1278 1783 1316 quam
1814 1262 1973 1314 optime
2005 1263 2243 1304 cohaerent.
2294 1264 2405 1305 Nam

128 1331 264 1388 Ὀλβία
294 1337 594 1388 Λακεδαίμων·
634 1335 814 1389 μάκαιρα
857 1336 1072 1376 Θεσσαλία
1115 1334 1173 1386 (v.
1206 1333 1250 1386 1)
1289 1349 1374 1375 non
1416 1336 1637 1376 vocativus
1669 1338 1754 1384 est,
1795 1335 1889 1383 sed,
1928 1335 1969 1375 id
2000 1336 2111 1389 quod
2143 1335 2406 1378 Schmidtius
2466 1372 2469 1373 γ

130 1407 334 1460 postea*)
366 1408 456 1461 ipse
488 1408 650 1457 scribit,
680 1408 982 1448 nominativus.
1041 1406 1124 1448 Per
1163 1406 1403 1459 analogiam
1443 1408 1555 1448 enim
1584 1408 1646 1449 ita
1676 1408 1965 1449 concluditur:
2016 1408 2148 1448 Beata
2179 1411 2244 1448 est
2275 1408 2407 1450 Lace-

131 1480 331 1529 daemon,
371 1480 483 1534 quod
514 1479 765 1521 Heraclidae
794 1480 853 1521 ibi
883 1481 1119 1533 imperant;
1162 1479 1413 1520 Heraclidae
1453 1484 1596 1521 autem
1634 1482 1677 1521 in
1710 1481 1929 1522 Thessalia
1965 1495 2132 1534 quoque
2171 1481 2408 1534 imperant3

130 1553 405 1606 quamobrem
436 1552 656 1593 Thessalia
692 1555 735 1593 et
771 1553 865 1606 ipsa
894 1553 1020 1594 beata
1051 1555 1127 1593 est.
1186 1551 1321 1593 Poeta
1351 1567 1449 1615 vero
1480 1568 1556 1594 suo
1587 1568 1703 1594 more
1732 1554 1794 1595 ita
1822 1553 2030 1606 loquitur.
2071 1556 2118 1594 ut
2150 1568 2247 1594 cum
2276 1554 2405 1595 Lace-

131 1625 348 1666 daemonis
384 1626 589 1666 felicitate
630 1641 654 1666 a
691 1625 808 1666 nullo
849 1625 1046 1666 dubitata
1081 1628 1298 1678 comparet
1338 1625 1516 1666 similem
1556 1625 1860 1667 Thessalorum
1899 1626 2064 1681 felicem
2103 1626 2405 1677 conditionem,

130 1698 287 1752 quippe
324 1698 479 1752 quibus
516 1697 667 1738 eadem‘
690 1697 1014 1739 Heraclidarum
1056 1698 1186 1751 stirps
1226 1698 1345 1751 regia
1383 1699 1574 1752 imperet.
1632 1697 1730 1739 Jam
1770 1713 1868 1739 vero
1908 1713 2016 1747 non,
2058 1701 2104 1739 ut
2143 1697 2406 1740 Schmidtius

130 1774 270 1825 putat,
300 1771 419 1811 filum
448 1771 654 1812 orationis
686 1771 968 1824 abrumpitur,
1000 1774 1048 1811 ut
1080 1770 1299 1811 Thessalia
1329 1771 1527 1812 universa
1555 1771 1728 1812 laudata
1758 1774 1885 1824 poeta
1914 1771 2163 1825 interroget,
2195 1771 2296 1824 quid
2326 1771 2406 1813 hoc

130 1846 321 1897 tempore
360 1843 538 1885 carmini
577 1858 652 1884 suo
692 1843 930 1884 laudatorio
970 1844 1241 1897 aptissimum
1281 1843 1367 1884 sit?
1409 1844 1487 1885 hoc
1517 1844 1630 1885 enim
1668 1844 1944 1894 somniantis,
1987 1858 2075 1885 non
2105 1844 2226 1897 lyrici
2254 1846 2408 1897 poetae

130 1919 255 1957 esset.
308 1916 413 1967 Imo,
446 1916 534 1956 sive
564 1930 661 1957 cum
682 1915 926 1969 Hartungio
956 1915 1059 1957 κατά
1080 1916 1240 1970 καιρόν,
1271 1916 1356 1957 31νο
1388 1931 1483 1957 011111
1513 1917 1686 1970 optimis
1717 1916 1930 1958 codicibus
1961 1915 2076 1972 παρὰ
2107 1916 2252 1973 καιρόν
2280 1916 2405 1970 legis,

130 1989 278 2043 utique
309 2004 404 2030 cum
434 1988 623 2041 Heynio,
667 1989 710 2029 id
739 1989 851 2042 quod
883 1988 1043 2030 scholia
1073 2002 1240 2042 quoque
1271 1992 1469 2039 tuentur,
1510 1992 1608 2043 post
1645 1993 1689 2030 τί
1715 1989 1838 2043 signo
1869 1989 2220 2043 interrogationis
2251 1989 2405 2030 distin-

130 2061 357 2115 guendum.
416 2059 564 2101 Oratio
595 2062 708 2102 enim
739 2062 800 2102 ita
820 2061 1031 2115 procedit:
1063 2061 1391 2102 Lacedaemonis
1424 2065 1466 2103 et
1490 2061 1733 2103 Thessaliae
1758 2062 1908 2103 similis
1930 2061 2110 2103 felicitas
2141 2064 2216 2102 est.
2265 2060 2406 2109 Quid?

131 2149 235 2175 num
264 2134 366 2187 quid
396 2136 567 2186 praeter
596 2149 686 2175 rem
702 2134 851 2188 jacto?
882 2134 980 2184 imo,
1011 2149 1156 2176 veram
1176 2149 1267 2176 esse
1287 2135 1453 2175 laudem
1474 2134 1596 2175 docet
1618 2135 1721 2176 haec
1744 2136 1924 2176 victoria
1946 2134 2129 2187 Pythica
2148 2133 2408 2187 Hippocleae

131 2207 177 2247 in
207 2207 311 2248 urbe
342 2206 587 2248 Thessalica
617 2222 641 2248 a
670 2206 935 2260 principibus
963 2210 1005 2248 et
1036 2208 1208 2261 regibus
1239 2208 1461 2249 celebrata.
1506 2207 1604 2248 Jam
1635 2208 1777 2249 omnia
1806 2208 2029 2261 quadrant.
2049 2230 2101 2235 —
2147 2205 2406 2248 Schmidtius

133 2281 277 2320 autem
306 2280 388 2321 alio
417 2293 585 2333 quoque
622 2280 713 2322 loco
744 2294 901 2320 nexum
932 2280 1244 2320 sententiarum
1282 2280 1573 2334 interruptum
1603 2294 1694 2321 esse
1724 2280 1966 2322 contendit:
2013 2295 2050 2320 v,
2081 2282 2255 2320 51—54.
2324 2279 2406 2328 Qui

133 2365 390 2405 quamquam
418 2367 505 2393 11011
528 2353 712 2405 ignorat,
744 2351 920 2393 Pindari
940 2352 1049 2394 hanc
1071 2367 1163 2394 esse
1186 2352 1550 2403 consuetudinem,
1581 2356 1630 2394 ut
1650 2353 1867 2394 interdum
1894 2353 2085 2393 salientis
2113 2353 2237 2393 modo
2262 2352 2405 2394 subito

133 2424 185 2465 ad
214 2424 340 2465 aliam
378 2439 481 2472 rem,
505 2425 837 2467 diversissimam
875 2440 919 2466 se
961 2428 1204 2474 convertat,
1257 2423 1330 2477 (cf.
1362 2424 1426 2466 Ol.
1459 2428 1495 2475 6,
1525 2428 1590 2466 22.
1632 2425 1678 2466 P.
1711 2430 1747 2476 l,
1780 2429 1844 2468 58.
1884 2425 1930 2466 P.
1961 2429 1999 2475 4,
2030 2428 2122 2467 247.
2162 2424 2208 2465 P.
2242 2428 2306 2474 11,
2338 2426 2403 2465 38.

133 2495 186 2537 N.
218 2499 262 2546 3,
303 2499 368 2538 26.
421 2496 472 2538 N.
505 2500 551 2548 5,
594 2501 657 2539 16.
700 2497 753 2539 N.
783 2502 829 2548 4,
878 2500 950 2547 33)
993 2501 1137 2539 tamen
1184 2501 1310 2551 putat
1356 2498 1436 2539 hoc
1478 2498 1570 2539 loco
1617 2499 1660 2539 id
1705 2498 1927 2540 ferendum
1972 2513 2059 2540 non
2103 2512 2193 2539 esse
2240 2497 2404 2538 duabus

134 2569 184 2610 de
226 2569 376 2610 causis.
443 2569 556 2611 Nam
597 2571 688 2612 aliis
732 2571 835 2613 locis
877 2574 1049 2625 poetam
1093 2571 1221 2612 certis
1266 2571 1521 2624 quibusdam
1565 2571 1802 2612 rationibus
1849 2571 2019 2621 adduci,
2070 2573 2118 2612 ut
2159 2570 2404 2611 inchoatam

135 2656 223 2683 rem
263 2642 510 2695 abrumpat,
552 2642 631 2684 hoc
668 2657 767 2685 vero
807 2644 899 2685 loco
939 2658 1029 2684 rem
1067 2643 1119 2684 ad
1158 2643 1287 2684 finem
1325 2643 1547 2685 deductam
1585 2658 1687 2685 esse.
1744 2644 1830 2685 Ain
1860 2646 1939 2685 tu?
1999 2643 2137 2692 Quid?
2178 2642 2322 2683 fabula
2352 2641 2404 2683 ad

134 2715 263 2755 finem
292 2714 497 2768 perducta
527 2717 622 2756 est?
652 2730 719 2758 res
750 2717 884 2770 igitur
913 2717 1037 2758 finita
1067 2720 1154 2765 est3
1181 2717 1356 2770 jamque
1385 2716 1438 2757 ad
1469 2716 1594 2757 aliam
1624 2731 1714 2758 rem
1729 2716 1979 2758 transeundi
2003 2716 2166 2757 occasio
2191 2715 2328 2756 datur.
2349 2737 2404 2743 —

135 2786 376 2841 Speciosior
397 2787 530 2829 altera
548 2787 771 2830 Schmidtii
790 2789 1048 2843 vituperatio
1070 2789 1199 2842 hujus
1219 2789 1301 2830 loci
1322 2791 1400 2839 est,
1431 2804 1563 2843 quum
1586 2790 1689 2830 dicit
1713 2789 1917 2843 puerilem
1939 2789 2092 2830 tironis
2117 2787 2405 2829 conditionem

135 2860 268 2911 olere,
312 2860 424 2914 quod
469 2875 564 2902 cum
605 2861 770 2903 laetitia
811 2862 998 2916 quadum
1039 2864 1176 2903 artem
1215 2862 1383 2915 generis
1428 2862 1550 2915 lyrici
1585 2861 1741 2915 jactet,
1789 2875 1916 2915 quam
1958 2861 2081 2901 modo
2121 2875 2145 2901 a
2184 2860 2403 2913 magistris

134 2933 394 2986 Apollodoro
443 2934 485 2974 et
534 2932 771 2986 Agathocle
820 2935 1024 2976 traditam
1068 2934 1290 2988 acceperit.
1361 2933 1481 2982 Quod
1518 2934 1781 2987 ingeniosius
1828 2948 1955 2987 quam
2002 2933 2143 2974 verius
2188 2933 2402 2984 detexisti,

360 3094 392 3138 *)
416 3105 452 3138 p.
478 3094 522 3128 62
547 3094 647 3129 anm.
672 3094 704 3128 2.
