2724 3518
1241 199 1298 243 21

134 333 300 384 ἐξόδιον
330 335 412 375 sibi
441 335 713 388 respondent,
744 336 816 377 illo
844 349 980 390 genus
1010 338 1213 379 victoriae
1242 337 1468 387 indicatur,
1498 337 1578 379 1100
1606 337 1793 388 fructus3
1823 336 1931 395 ἀρχά
1961 343 2004 381 et
2032 344 2210 396 σφραγίς
2238 342 2406 385 laudem

133 407 378 457 continent,
419 407 535 460 prior
572 407 688 447 urbis
727 408 934 459 victricis,
976 410 1189 462 posterior
1224 409 1389 464 gentis;
1428 409 1474 450 111
1511 409 1649 451 medio
1688 410 1873 451 carmine
1912 409 2103 466 ὀμφαλός
2141 414 2282 466 mythi
2312 416 2402 457 loco

138 478 494 521 Erechthidarum
524 480 665 522 nobile
694 480 799 520 illud
829 482 872 522 et
901 481 1020 534 pium
1048 481 1215 524 facinus
1245 484 1414 532 narrat3
1445 481 1547 523 ordo
1576 481 1711 535 igitur
1738 481 1800 522 ita
1828 485 1973 535 potest
2001 483 2200 526 describi:

570 595 597 714 ⁴¹ss
628 589 744 658 (πρ-1
774 592 830 640 -l-
859 595 886 678 ‘i‘
919 590 1055 648 (dex)
1086 594 1142 643 -l-
1172 598 1198 636 4
1228 591 1375 648 (ὄμφ.)
1407 594 1463 642 4-
1493 596 1516 680 i'
1550 590 1693 647 (6900)
1724 593 1779 641 -1-
1812 596 1835 718 51)
1868 592 1967 647 (ἐξ)

355 774 423 816 Α1)
451 775 532 817 1130
561 789 660 817 vero
691 777 889 823 carminis
920 776 1163 817 suavissimi
1191 777 1548 829 interpretatione
1579 777 1763 817 multum
1792 776 2004 831 discrepat
2032 777 2256 821 Schmidtii
2288 781 2405 834 judi-

132 848 257 898 cium,
287 847 360 901 qui
390 847 440 887 de
469 861 514 888 re
544 849 766 901 proposita
795 849 916 891 docte
946 849 1116 902 quidem
1147 850 1190 889 et
1219 849 1442 902 ingeniose
1474 849 1658 899 disserit,
1691 848 1764 890 sed
1793 848 1867 899 ita,
1901 852 1950 890 ut
1979 865 2103 892 nemo
2133 867 2221 893 non
2250 853 2405 904 videat,

131 921 184 961 ab
213 920 298 961 isto
327 920 425 960 lusu
454 920 637 972 ingenii,
677 921 874 962 licentiae
904 923 947 962 et
977 921 1142 962 arbitrii
1171 920 1439 974 plenissimo,
1482 922 1618 963 bonos
1648 921 1815 963 fructus
1846 924 2084 975 exspectari
2121 924 2238 965 nullo
2277 925 2403 967 modo

130 1007 268 1046 posse.
335 992 479 1046 Atque
517 1006 624 1046 opus
662 993 831 1034 videtur
871 1008 962 1034 esse
999 1007 1168 1034 omnem
1207 993 1299 1046 ejus
1340 994 1600 1035 sententiam
1636 993 1830 1035 brevitur
1866 995 2229 1048 comprehendere.
2289 996 2404 1038 Haec

131 1065 218 1106 fere
239 1064 363 1106 dicit:
397 1063 601 1115 „Summa
633 1065 831 1106 carminis
861 1066 1046 1107 vertitur
1074 1065 1119 1106 in
1150 1065 1421 1119 oppositione
1446 1080 1511 1106 vv.
1535 1064 1739 1121 εὐπραγία
1769 1069 1812 1107 et
1844 1064 2084 1120 εὐδαιμονία
2114 1067 2170 1120 (v.
2192 1071 2241 1109 18
2258 1071 2301 1110 et
2319 1069 2406 1121 21).

130 1137 210 1178 Illa
238 1151 340 1179 voce
379 1137 572 1190 singulae
607 1151 673 1178 res
703 1137 884 1179 feliciter
912 1140 1058 1191 gestae
1089 1138 1440 1188 denominantur,
1480 1137 1560 1180 hac
1592 1138 1777 1180 conditio
1807 1139 1920 1179 vitae
1960 1153 2054 1180 vere
2083 1140 2255 1191 beatae,
2294 1143 2404 1183 tem-

130 1224 281 1263 porum
319 1210 498 1251 decursu
534 1211 752 1264 probatae.
809 1210 953 1264 Atque
993 1209 1198 1267 εὐπραγία
1236 1212 1407 1264 poetam
1452 1210 1515 1251 ita
1559 1210 1715 1265 gaudio
1763 1211 1920 1261 afficit,
1967 1214 2016 1253 ut
2054 1212 2180 1252 simul
2218 1213 2405 1254 dolorem

129 1281 299 1331 excitet,
331 1296 474 1323 secum
495 1282 772 1333 recordantis,
805 1297 900 1324 eum
924 1297 1018 1324 esse
1042 1297 1214 1324 cursum
1241 1297 1383 1324 rerum
1403 1282 1700 1334 humanarum,
1732 1285 1781 1324 ut
1805 1286 1981 1337 propter
2006 1283 2209 1325 invidiam
2231 1285 2405 1327 deorum

129 1353 330 1396 adversae
360 1369 427 1395 res
451 1354 655 1396 secundas
682 1355 908 1408 excipiant.
955 1354 1240 1403 Quamobrem
1270 1370 1369 1396 vera
1400 1354 1641 1408 εὐδαιμονία
1672 1356 1762 1396 3013
1785 1355 1995 1397 laetitiam
2025 1356 2143 1397 nulla
2169 1357 2404 1398 acerbitate

127 1427 345 1468 turbatam
392 1427 578 1469 excitare
620 1429 776 1481 potest.
862 1427 1010 1469 Talem
1059 1442 1158 1469 vero
1202 1427 1439 1481 perfectam
1482 1428 1733 1469 felicitatem
1783 1428 1989 1481 plurimae
2035 1428 2238 1470 victoriae
2283 1429 2405 1482 genti

127 1499 526 1540 Alcmaeonidarum
554 1502 825 1554 paraverunt.
885 1499 1098 1548 Quorsum
1128 1502 1272 1541 autem
1301 1502 1396 1541 tota
1425 1500 1529 1542 haec
1560 1500 1773 1554 oppositio
1811 1499 2035 1554 εὐπραγίας
2065 1503 2107 1542 et
2136 1499 2402 1554 εὐδαιμονίας

127 1572 348 1625 pertinet?
402 1572 616 1613 Nimirum
645 1572 815 1613 videtur
844 1573 952 1614 alter
982 1587 1150 1626 quoque
1181 1572 1319 1614 victor
1349 1571 1533 1625 Pythius
1564 1588 1588 1613 a
1617 1575 1745 1626 poeta
1774 1587 1943 1615 carmen
1972 1573 2158 1626 petiisse.
2214 1573 2292 1615 Cui
2329 1589 2404 1616 cur

125 1646 361 1700 Megaclem
397 1645 705 1698 anteposuerit,
736 1645 941 1698 postremi
980 1645 1179 1686 carminis
1216 1659 1364 1686 versus
1395 1645 1560 1687 docent.
1612 1645 1747 1687 Porro
1778 1645 1946 1687 videtur
1974 1644 2184 1698 Meg-acles
2215 1645 2402 1688 Pindaro

126 1718 362 1760 declarasse
401 1733 444 1759 30
475 1718 646 1768 timere,
685 1732 740 1759 ne
779 1719 907 1771 poeta
934 1717 1128 1758 Athenas
1160 1717 1325 1758 vitandi
1357 1732 1484 1758 causa
1515 1733 1610 1758 011111
1639 1718 1820 1771 publicis
1850 1720 1944 1758 tum
1973 1718 2151 1770 privatis
2184 1718 2233 1759 de
2264 1719 2403 1760 causis

126 1791 251 1832 alteri
279 1790 435 1832 victori
466 1790 612 1831 mallet
642 1805 773 1844 quum
805 1790 908 1840 sibi,
939 1790 1019 1831 civi
1050 1789 1325 1840 Atheniensi,
1358 1790 1615 1831 satisfacere.
1664 1789 1775 1838 Quin
1805 1790 1935 1831 etiam
1966 1789 2167 1840 „timide“
2198 1791 2401 1843 quodam-

125 1863 248 1904 modo
269 1862 482 1916 Megacles
504 1877 673 1903 carmen
699 1862 985 1904 laudatorium
1016 1877 1040 1902 a
1060 1861 1246 1903 Pindaro
1271 1863 1512 1915 postulasse
1542 1863 1723 1903 videtur.
1772 1862 1839 1903 Ad
1860 1863 1965 1904 haec
1982 1862 2191 1904 Pindarus
2223 1863 2401 1905 comiter

124 1935 367 1989 respondet,
395 1950 534 1976 errare
554 1950 663 1979 eum,
686 1935 881 1976 Athenas
905 1935 1018 1976 enim
1037 1935 1165 1987 ipsas,
1189 1935 1308 1988 cujus
1327 1935 1444 1976 urbis
1466 1936 1578 1977 cives
1597 1936 1803 1989 templum
1820 1935 2074 1988 Delphicum
2096 1936 2399 1986 exstruxerint,

124 2021 168 2048 se
194 2022 358 2049 summo
388 2022 483 2048 cum
513 2008 669 2061 gaudio
697 2007 1010 2049 celebraturum
1040 2021 1144 2057 esse,
1178 2008 1428 2060 praesertim
1461 2022 1591 2061 quum
1609 2008 2005 2050 Alcmaeonidarum
2037 2022 2085 2049 ea
2116 2008 2172 2049 sit
2202 2008 2399 2060 felicitas,

124 2082 173 2120 ut
203 2080 294 2134 ipse
325 2095 425 2121 vera
454 2080 619 2121 laetitia
650 2080 735 2120 frui
764 2080 923 2133 possit,
966 2079 1082 2120 omni
1119 2079 1261 2121 dolore
1301 2083 1343 2121 et
1382 2080 1536 2122 timore
1575 2081 1711 2122 futuri
1751 2081 1851 2122 mali
1891 2081 2070 2134 abjecto.
2136 2081 2218 2131 At,
2257 2081 2400 2134 pergit

123 2153 336 2206 interpres
375 2153 668 2202 doctissimus,
714 2152 814 2193 dum
851 2152 955 2193 haec
990 2152 1121 2205 legis,
1166 2152 1448 2207 interrogatio
1478 2154 1558 2194 tibi
1596 2153 1640 2193 in
1671 2153 1930 2207 primoribus
1967 2153 2097 2194 labris
2137 2153 2399 2194 versabitur:

123 2241 227 2266 num
256 2226 336 2267 hoc
366 2228 432 2267 est
471 2239 570 2267 vere
604 2240 774 2267 carmen
811 2225 1069 2278 epinicium‘?
1128 2223 1326 2274 Minime3
1365 2225 1444 2266 hae
1484 2226 1682 2280 strophae
1719 2229 1797 2266 aut
1835 2225 2008 2266 initium
2047 2229 2148 2266 sunt
2186 2225 2397 2276 carminis,

124 2299 245 2353 cujus
276 2299 412 2352 major
441 2313 540 2352 pars
570 2298 756 2348 interiit,
789 2300 877 2348 aut,
908 2298 952 2339 id
981 2298 1094 2351 quod
1124 2298 1213 2338 veri
1244 2297 1423 2339 similius
1455 2301 1533 2348 est,
1566 2299 1745 2352 epistola
1774 2298 1962 2352 poetica,
2002 2311 2091 2351 quo.
2116 2297 2325 2339 Pindarus
2357 2311 2400 2338 se

124 2371 277 2412 victori
314 2385 477 2412 morem
519 2373 742 2424 gesturum
783 2385 874 2412 esse
913 2370 1149 2424 promittit,
1193 2370 1339 2411 eadem
1378 2384 1461 2423 qua
1498 2371 1542 2411 111
1583 2371 1841 2412 carminibus
1881 2371 2071 2424 epiniciis
2109 2371 2246 2412 forma
2285 2385 2399 2411 usus.

123 2443 242 2485 Haec
273 2444 409 2497 iyitur
438 2445 519 2486 oda
549 2443 785 2495 affirmatio
816 2446 877 2484 est
904 2442 1245 2496 ivzterroyationis
1274 2442 1489 2496 Bleyaclis
1519 2456 1612 2484 cum
1642 2444 1787 2496 aliqua
1816 2442 2080 2485 dubitatione
2107 2444 2340 2495 prolatae.“

348 2518 420 2568 At,
451 2517 515 2558 vir
546 2516 847 2558 audacissime!
879 2515 1080 2557 haeccine
1111 2517 1176 2556 est
1207 2517 1283 2555 tua
1307 2515 1482 2557 laudata
1505 2516 1819 2569 interpretandi
1842 2517 1941 2557 ars?
2001 2515 2250 2556 Commenta
2275 2529 2400 2567 super

122 2592 376 2639 commenta,
407 2591 584 2630 inventa
616 2604 742 2643 super
772 2589 949 2630 iuventa
980 2601 1226 2641 exaggeraS,
1258 2590 1306 2628 ut
1336 2587 1501 2641 ingenii
1531 2589 1772 2630 ubertatem
1802 2590 1846 2629 et
1864 2588 2129 2641 imaginandi
2157 2588 2241 2628 vim
2266 2590 2396 2640 atque

121 2663 373 2704 varietatem
402 2661 636 2704 ostendas?
695 2661 763 2702 An
793 2661 873 2702 hoc
900 2663 965 2702 est
997 2659 1307 2713 interpretari?
1367 2659 1458 2708 Quo
1490 2675 1541 2701 ex
1578 2661 1698 2701 fonte
1736 2664 1785 2702 tu
1816 2661 1999 2702 hausisti
2037 2660 2142 2700 illud
2181 2660 2230 2700 de
2263 2660 2397 2701 altero

121 2735 282 2776 victore
305 2734 477 2787 Pythio,
507 2733 710 2788 Megaclis
741 2734 936 2776 aemulo?
966 2748 1070 2774 num
1099 2746 1233 2773 novos
1263 2732 1438 2773 victoris
1470 2734 1687 2787 catalogos
1718 2733 1944 2774 detexisti?
1976 2747 2029 2774 an
2060 2746 2314 2786 quemquam
2345 2732 2396 2772 ab

120 2808 267 2849 inferis
298 2822 495 2849 revocare
524 2807 606 2847 tibi
636 2807 833 2860 contigit,
865 2807 938 2860 qui
967 2805 1185 2847 recondita
1215 2807 1258 2846 et
1288 2819 1443 2846 arcana
1468 2806 1675 2859 quaedam
1698 2806 1933 2847 revelaret?
1982 2805 2032 2845 In
2063 2807 2255 2845 veterum
2285 2805 2398 2845 enim

121 2880 293 2934 scriptis
325 2880 430 2921 nihil
461 2879 669 2933 ejusmodi
698 2882 862 2929 exstat,
903 2892 1040 2931 neque
1070 2878 1115 2918 in
1153 2877 1233 2918 hoc
1264 2877 1452 2918 carmine
1491 2879 1624 2919 ullum
1662 2878 1774 2919 illius
1805 2878 2070 2930 excogitatae
2101 2876 2396 2918 aemulationis

120 2953 351 3007 vestigium
391 2955 579 3006 apparet.
638 2951 760 3001 Quod
798 2952 911 2993 enim
951 2952 1001 2992 de
1041 2949 1249 3003 singulari
1285 2949 1328 2990 vi
1366 2964 1518 2992 vocum
1559 2949 1764 3006 εὐπραγία
1804 2952 1846 2991 et
1885 2948 2125 3002 εὐδαιμονία
2159 2948 2396 2998 11311013113,

121 3025 229 3066 nihil
261 3026 312 3066 3(1
344 3040 443 3067 10111.
501 3025 558 3067 Et
586 3010 704 3067 'erras
735 3025 926 3079 quidem,
967 3037 1098 3076 quum
1138 3022 1265 3071 (11013,
1306 3020 1535 3079 εὐπραγίαν
1571 3024 1742 3065 brevem
1773 3025 1815 3063 et
1844 3022 2141 3075 temporariam
2184 3021 2396 3074 quandam

123 3098 409 3151 voluptatem,
456 3098 724 3152 εὔδαιμονίαν
762 3099 912 3139 contra
950 3096 1065 3137 illam
1103 3096 1273 3137 beatam
1314 3109 1421 3148 quae
1459 3097 1604 3149 paucis
1644 3096 1871 3148 contingat
1910 3097 2070 3136 sortem
2108 3108 2199 3135 esse
2237 3108 2395 3142 eorum,
