2724 3518
1308 148 1370 193 18

208 294 466 348 conjunctus
497 291 674 333 victoria
704 289 795 343 ejus
827 288 953 330 solito
984 287 1121 340 magis
1154 287 1469 335 delectabatur3
1507 286 1658 326 contra
1686 283 1731 323 in
1762 282 1948 325 carmine
1977 281 2024 324 P.
2053 281 2094 323 X
2123 281 2336 335 mythicae
2365 282 2481 336 parti

208 366 406 408 eximiam
431 378 602 418 operam
631 361 762 411 dedit,
792 360 905 414 quod
926 360 977 401 ad
998 359 1365 412 magnificentiam
1383 361 1427 400 et
1449 356 1716 411 splendorem
1737 355 2040 405 conviviorum,
2071 355 2225 409 quibus
2246 353 2481 397 Thessalici

209 438 420 493 principes
458 435 666 488 imprimis
706 434 999 482 laetabantur,
1042 430 1234 484 proxime
1272 430 1500 473 accedebat
1537 427 1767 480 descriptio
1804 426 1877 467 illa
1917 427 2066 468 beatae
2104 426 2480 480 Hyperboreorum

209 511 333 552 vitae.
391 509 588 550 Ceterum
618 507 792 548 omnino
824 503 1057 547 Schmidtio
1088 518 1141 544 ne
1170 503 1214 543 id
1245 503 1415 556 quidem
1445 500 1675 544 concedere
1704 513 1954 553 possumus,
1995 499 2164 540 fabulae
2193 500 2481 541 narrationem

204 584 397 637 jejunam
435 583 478 622 et
514 579 715 632 frigidam
753 592 856 619 esse.
914 577 1013 630 Ipsa
1050 575 1164 617 enim
1206 576 1279 617 illa
1316 574 1518 617 narrandi
1558 572 1828 626 simplicitas,
1875 585 1959 625 qua
1996 571 2218 626 repudiato
2256 573 2482 614 verborum

210 653 535 707 magnificorum
564 651 661 692 fuco
693 652 822 704 atque
852 651 1007 691 ornatu
1036 651 1164 702 poeta
1192 649 1350 702 raptim
1380 646 1546 688 Paridis
1577 646 1798 698 impetum,
1829 643 2025 685 Nestoris
2055 644 2312 698 periculum,
2353 644 2482 686 Anti-

208 726 320 768 lochi
349 724 553 767 auxilium
583 724 637 765 ob
667 723 811 765 oculos
842 722 977 776 ponit,
1008 720 1173 762 animos
1204 721 1469 763 audientium
1492 733 1579 760 non
1599 719 1770 772 poterat
1790 731 1878 757 non
1898 715 2053 757 mirum
2073 718 2283 770 quantum
2302 730 2483 758 movere.

210 797 326 847 Quae
356 811 488 850 quum
516 797 578 838 ita
608 797 716 846 sint,
754 795 797 836 id
836 808 1003 848 quoque
1035 792 1296 835 Schmidtius
1335 793 1496 835 crimen
1532 791 1695 845 injuste
1725 789 1894 830 videtur
1923 788 2129 842 objecisse
2158 792 2331 843 poetae,
2371 791 2482 830 tam-

208 885 337 924 quam
361 869 534 911 habitus
565 872 608 910 et
639 869 754 910 color
784 866 983 909 carminis
1015 879 1158 906 secum
1187 880 1275 908 non
1305 866 1572 919 congrueret.
1630 862 1767 904 Immo
1797 863 1938 903 totum
1978 875 2149 904 carmen
2182 861 2484 903 suavissimum

211 946 254 986 et
283 943 549 986 luculentum
577 941 879 982 documentum
911 953 1002 980 esse
1034 953 1274 989 censemus,
1317 937 1550 979 Pindarum
1588 935 1780 977 nondum
1820 934 2099 976 tricenarium
2138 936 2274 976 artem
2318 934 2486 977 dicendi

211 1019 254 1058 et
283 1014 488 1057 narrandi
512 1014 602 1068 jam
633 1013 736 1054 adeo
767 1012 968 1062 tenuisse,
999 1014 1048 1052 ut
1079 1011 1243 1053 animos
1274 1010 1537 1052 audientium
1569 1022 1739 1062 quoquo
1770 1007 1897 1048 vellet
1926 1007 2124 1047 verteret.

435 1087 496 1129 Ut
525 1100 614 1127 rem
644 1085 875 1135 absolvam,
907 1084 1077 1126 schema
1106 1083 1305 1125 carminis
1335 1083 1506 1125 addam:

259 1239 285 1278 4
315 1233 430 1291 (πρ.)
461 1235 517 1283 ÷
547 1232 622 1352 91112
654 1230 790 1288 (dex.)
820 1233 876 1281 ÷
905 1232 983 1317 47²
1016 1230 1148 1284 (κατ.)
1179 1232 1235 1281 4-
1265 1196 1312 1281 03
1343 1231 1399 1279 ÷
1430 1231 1479 1270 12
1507 1191 1636 1276 ἶῑ-ἕ)
1676 1225 1819 1281 (ὀμφὰ
1850 1228 1907 1277 —i-
1935 1231 1961 1315 Ῑι
1991 1225 2124 1281 (μετ.)
2157 1230 2206 1277 ÷
2239 1229 2264 1348 i
2296 1224 2438 1282 (σφρ.)

435 1412 553 1466 Ἆρχά
584 1415 626 1453 et
655 1417 830 1467 σφραγίς
861 1413 942 1454 sibi
966 1412 1240 1466 respondent.
1271 1411 1344 1452 illa
1373 1409 1608 1458 victoriam,
1640 1407 1742 1450 haec
1772 1409 1977 1450 victorem
2007 1409 2147 1462 ipsum
2169 1407 2337 1456 laudat3
2367 1422 2488 1448 κατα-

214 1485 352 1544 τροπά
389 1488 431 1527 et
468 1486 818 1542 μετακατατροπά
858 1486 903 1526 111
941 1484 1153 1527 laudanda
1186 1486 1314 1537 geute
1345 1482 1520 1524 victoris
1553 1483 1800 1531 versantur3
1842 1476 2035 1536 ὀμφαλός
2071 1481 2116 1522 111
2151 1481 2289 1522 medio
2320 1479 2487 1534 positus

215 1559 404 1601 fabulam
435 1558 648 1608 continet,
691 1558 753 1599 ita
782 1558 971 1611 quidem,
1004 1560 1052 1598 ut
1082 1557 1302 1610 tripartita
1330 1555 1481 1596 divisio
1512 1555 1589 1604 sit,
1629 1553 1815 1607 primum
1845 1555 1957 1595 enim
1988 1556 2263 1607 praeceptum
2292 1552 2488 1595 Chironis

215 1631 410 1682 traditur,
443 1633 537 1672 tum
566 1630 710 1671 fabula
739 1631 832 1683 ipsa
861 1633 1072 1680 narratur,
1104 1629 1226 1671 laude
1257 1629 1438 1682 denique
1468 1626 1690 1668 Antilochi
1719 1630 1992 1681 praeceptum
2021 1626 2124 1668 illud
2154 1627 2340 1680 periculo
2370 1626 2489 1667 illato

216 1703 484 1745 observantis
512 1703 790 1745 concluditur.

1228 1789 1294 1842 P.
1329 1788 1467 1842 XII.

441 1892 602 1934 Eodem
633 1906 757 1942 anno,
790 1906 873 1945 quo
904 1892 1187 1943 Xenocrates,
1219 1906 1345 1945 quem
1375 1905 1546 1932 carmen
1578 1890 1623 1931 P.
1657 1889 1717 1931 VI
1750 1889 1919 1939 laudat,
1952 1889 2088 1930 curuli
2117 1889 2297 1931 victoria
2325 1889 2492 1942 potitus

218 1968 302 2015 est,
341 1965 479 2006 Midas
510 1965 844 2018 Agrigentinus,
886 1966 958 2018 qui
997 1965 1183 2006 carmine
1222 1963 1267 2004 P.
1298 1963 1383 2004 XII
1420 1963 1618 2004 laudibus
1654 1963 1894 2012 extollitur,
1934 1962 2041 2004 tibia
2070 1962 2184 2003 vicit.
2242 1961 2291 2002 Id
2322 1975 2491 2003 carmen

218 2038 321 2079 adeo
346 2037 523 2079 Pindari
547 2040 683 2079 artem
713 2040 755 2078 et
786 2040 985 2079 naturam
1015 2052 1116 2090 prae
1147 2051 1190 2078 se
1221 2037 1319 2086 fert,
1351 2038 1400 2077 ut
1429 2036 1496 2076 vel
1523 2035 1761 2077 Schmidtio
1791 2049 1995 2089 magnum
2026 2035 2214 2076 laborem
2245 2033 2493 2076 excitaverit

220 2110 395 2152 conanti
434 2110 617 2163 vestigia
646 2110 808 2163 aliquot
839 2109 1120 2152 adolescentis
1151 2107 1420 2150 inexercitati
1452 2108 1660 2161 detegere.
1721 2107 1831 2157 Quid
1870 2108 1982 2162 quod
2019 2108 2071 2148 iis
2110 2122 2217 2161 quae
2246 2106 2410 2161 profert
2439 2121 2493 2148 ne

220 2182 311 2236 ipse
342 2183 513 2236 quidem
543 2184 712 2236 plenam
743 2183 869 2224 fidem
902 2183 1059 2224 habere
1088 2181 1287 2222 videtur?
1328 2180 1473 2234 Atque
1503 2182 1734 2222 orationem
1763 2181 1933 2234 quidem
1965 2180 2160 2221 concedit
2191 2180 2279 2221 leni
2299 2181 2342 2221 et
2366 2179 2492 2220 solito

219 2269 345 2296 cursu
384 2254 588 2305 defluere,
635 2256 716 2297 hoc
756 2258 902 2297 tamen
941 2255 1239 2296 infirmitatem
1281 2255 1323 2295 et
1360 2253 1675 2294 dubitationem
1715 2253 1928 2307 quandam
1969 2252 2275 2294 adolescentuli
2315 2251 2494 2305 prodere

220 2329 376 2377 censet,
408 2328 520 2380 quod
540 2328 666 2368 anxio
691 2328 874 2381 quodam
906 2327 1047 2369 studio
1079 2327 1270 2379 singulas
1301 2326 1623 2367 enunciationes
1655 2341 1740 2367 una
1765 2341 1861 2367 cum
1887 2326 2067 2379 singulis
2097 2325 2290 2367 versibus
2319 2324 2495 2365 finiendi

219 2402 262 2442 et
304 2399 583 2441 concludendi
624 2402 833 2441 teneatur.
893 2400 1029 2447 Quam
1068 2414 1156 2440 rem
1189 2399 1313 2440 aliter
1343 2413 1387 2440 se
1418 2398 1572 2440 habere
1603 2398 1638 2439 is
1669 2398 1794 2440 facile
1824 2398 2060 2452 intelliget,
2103 2398 2175 2451 qui
2212 2397 2293 2439 hoc
2324 2411 2494 2438 carmen

218 2487 315 2514 cum
345 2472 438 2514 aliis
471 2472 770 2514 corroboratae
800 2473 955 2514 aetatis
986 2472 1077 2513 odis
1109 2471 1429 2525 comparaverit.
1476 2471 1680 2513 Continet
1710 2471 1824 2512 enim
1855 2470 2080 2521 carmen*)
2109 2470 2156 2511 P.
2174 2469 2259 2512 XII
2277 2473 2328 2511 32
2348 2483 2495 2511 versus

220 2547 263 2586 et
296 2547 346 2586 18
381 2545 704 2587 disctinctiones
741 2545 785 2586 in
826 2546 910 2586 fine
953 2559 1122 2595 versus,
1164 2543 1211 2585 Ο.
1239 2544 1300 2585 IV
1339 2547 1392 2585 28
1430 2558 1578 2585 versus
1616 2546 1658 2585 et
1700 2547 1752 2585 14
1790 2543 1826 2584 d.
1868 2544 1894 2584 i.
1934 2544 1962 2584 f.
1994 2558 2031 2584 v.
2060 2542 2107 2584 P.
2138 2542 2160 2584 Ι
2192 2546 2271 2584 100
2301 2557 2339 2583 v.
2369 2545 2412 2583 et
2443 2544 2495 2583 53

222 2617 259 2658 d.
289 2618 314 2658 i.
345 2617 374 2659 f.
403 2632 441 2658 v.
482 2615 577 2658 O.1
612 2620 689 2658 116
717 2620 760 2658 et
791 2620 843 2659 53
884 2616 932 2658 O.
962 2617 1005 2658 II
1043 2620 1121 2658 100
1152 2620 1195 2659 013
1225 2621 1273 2659 41
1316 2616 1363 2657 P.
1392 2617 1436 2658 II
1467 2619 1519 2658 96
1551 2619 1594 2658 et
1624 2620 1675 2658 47
1718 2616 1764 2657 Ρ.
1794 2615 1860 2657 III
1893 2619 1970 2658 115
2004 2619 2047 2658 et
2078 2619 2131 2658 54
2169 2614 2217 2657 O.
2250 2615 2312 2657 VI
2345 2617 2422 2656 105
2453 2616 2496 2656 et

223 2692 275 2731 48
305 2689 350 2730 P.
380 2689 443 2731 IX
477 2691 553 2731 125
586 2692 628 2731 et
660 2693 712 2732 56
743 2690 789 2731 P.
819 2689 880 2732 IV
913 2692 993 2731 299
1026 2692 1069 2731 et
1100 2693 1178 2731 139
1208 2689 1255 2730 Ρ.
1286 2689 1349 2730 XI
1380 2692 1433 2731 64
1464 2691 1506 2730 et
1538 2692 1601 2730 31.

446 2762 537 2804 Iino
580 2763 687 2804 male
728 2762 963 2805 Schmidtio
1003 2762 1177 2812 accidit,
1220 2762 1333 2815 quod
1370 2764 1501 2816 poeta
1538 2762 1583 2802 in
1622 2762 1703 2805 hoc
1741 2763 1834 2817 ipso
1876 2763 2063 2805 carmine
2100 2761 2204 2803 adeo
2234 2775 2321 2802 non
2352 2759 2496 2801 studet

225 2833 410 2875 orationi
447 2838 491 2876 et
528 2850 675 2877 versus
713 2836 893 2877 eundem
931 2836 1060 2877 finem
1096 2835 1256 2884 facere,
1296 2836 1345 2875 ut
1384 2835 1488 2876 haec
1529 2835 1608 2876 oda
1647 2835 1833 2889 primum
1870 2835 1994 2877 nobis
2025 2834 2265 2888 exemplum
2295 2832 2498 2887 praebeat

224 2905 336 2946 illius
375 2908 524 2958 moris,
563 2922 690 2962 quem
728 2923 852 2950 nemo
883 2907 1132 2950 Pindaricae
1169 2908 1274 2949 artis
1304 2920 1464 2961 gnarus
1494 2923 1581 2950 non
1613 2908 1754 2959 novit,
1794 2909 1843 2949 ut
1883 2908 2123 2962 subjectum
2159 2921 2247 2948 non
2278 2905 2415 2947 solum
2444 2904 2496 2946 ad

447 3057 479 3100 ⁸)
503 3056 792 3094 Mominseniana
817 3058 978 3094 editione
1003 3058 1111 3094 nitor.
