2724 3518
1229 205 1288 248 :33

121 347 242 392 σχεῖν
273 340 340 388 (Ρ.
367 344 404 391 3,
429 339 516 393 89).
560 339 672 381 Illud
701 339 828 380 triste
857 339 1019 380 factum
1050 340 1101 381 ad
1131 355 1279 382 necem
1303 341 1448 393 Phoci,
1480 344 1545 384 cui
1575 343 1731 385 fratres
1762 345 2003 397 gymnicam
2034 346 2201 387 laudem
2231 348 2395 390 invide-

121 412 240 461 bant,
271 413 540 454 referendum
570 426 662 453 esse
691 426 817 452 nemo
848 411 1114 452 audientium
1144 413 1373 465 ignoravit.

347 485 428 527 Sed
465 499 669 538 quorsum
709 484 814 525 haec
851 485 1115 524 narrantur?
1175 484 1279 526 Tres
1309 487 1437 528 Aeaci
1467 488 1576 528 filios
1616 502 1692 541 pro
1724 488 1914 541 Aeginae
1952 491 2090 532 salute
2129 506 2214 532 una
2250 496 2394 535 mente

119 571 263 610 preces
281 558 487 599 facientes
505 556 811 610 comparandos
831 570 922 597 esse
945 570 1040 596 cum
1059 556 1400 599 adolescentibus
1418 559 1696 613 Psalychidis,
1719 562 1792 615 qui
1812 562 2173 615 splendidissimae
2191 565 2393 607 victorias

120 632 195 670 aut
224 632 552 683 reportaverunt
580 630 654 669 aut
684 628 1021 677 meditabantur,
1052 643 1141 669 non
1171 643 1293 682 nego.
1351 631 1441 672 Imo
1473 632 1576 674 haec
1606 634 1700 687 ipsa
1729 634 1927 684 victoria,
1968 635 2089 688 cujus
2119 638 2298 679 nuntius
2325 642 2393 680 tot

119 702 321 743 lintribus
360 705 404 742 et
440 700 645 741 naviculis
683 700 726 740 in
766 715 911 741 omnes
943 699 1145 742 Graeciae
1182 704 1328 755 partes
1369 704 1645 756 efferebatur,
1685 706 1863 747 docebat
1901 721 2046 760 preces
2082 708 2249 750 auditas
2290 724 2393 751 esse.

119 775 287 828 Aegina
325 774 438 815 enim
475 776 518 813 et
558 770 757 827 εὕανὸρος
794 772 908 813 sacta
943 775 1007 813 est
1051 775 1094 813 et
1135 776 1418 822 ναυσίκλυτος.
1489 777 1537 817 Id
1574 792 1672 819 vero
1715 792 1934 831 nunquam
1972 779 2169 822 Dissenio
2212 782 2392 833 credam,

118 846 289 888 caedem
318 845 452 886 Phoci
491 859 515 885 a
546 848 673 897 poeta
709 845 802 885 ideo
833 848 946 886 tecte
983 845 1235 899 significari,
1278 852 1326 888 ut
1356 848 1511 889 fratres
1542 850 1746 899 victores,
1777 850 2052 892 victoriarum
2084 853 2392 906 cupidissimos,

118 934 144 960 a
180 918 292 959 mala
328 917 613 958 aemulatione
654 917 886 965 deterreat,
933 932 987 958 ne
1025 918 1248 959 dissidium
1288 920 1460 971 gravius
1501 922 1658 962 existat
1701 936 1889 975 unquam
1938 925 2136 966 turbetve
2174 925 2393 968 fortunam

119 1005 287 1040 eorum,
324 990 398 1042 qui
436 990 560 1030 ambo
599 989 651 1030 ad
689 989 869 1043 gloriam
910 991 1003 1031 nati
1045 990 1145 1031 sint.
1211 990 1362 1032 Melius
1401 992 1789 1034 Rauchensteinius
1830 994 1953 1045 dicit,
1992 1000 2164 1049 poetam
2204 998 2391 1040 indicare

119 1063 316 1111 voluisse,
348 1061 451 1115 quid
481 1076 631 1103 causae
660 1062 827 1112 fuisset,
859 1077 934 1103 cur
962 1062 1244 1104 Aeacidarum
1275 1079 1399 1105 nemo
1429 1069 1675 1118 perpetrato
1706 1066 1779 1107 illo
1809 1067 1998 1109 facinore
2019 1069 2063 1109 in
2085 1070 2252 1122 Aegina
2278 1086 2393 1112 com-

119 1137 310 1176 moratus
341 1137 472 1183 esset,
511 1149 582 1175 eos
623 1134 735 1175 enim
773 1149 1040 1176 communem
1072 1135 1329 1177 Graecorum
1368 1151 1528 1178 morem
1563 1142 1732 1179 secutos
1769 1144 1991 1192 peccatum
2031 1142 2154 1182 exilio
2187 1143 2390 1196 expiasse,

116 1208 294 1249 alterum
327 1207 372 1248 in
404 1206 636 1248 Salaminia
662 1207 821 1257 insula,
854 1207 1037 1248 alterum
1066 1208 1111 1248 in
1142 1208 1375 1249 Thessalia.
1433 1209 1550 1251 Idem
1581 1210 1691 1252 hanc
1722 1212 1902 1253 alteram
1934 1213 2050 1254 addit
2080 1229 2271 1265 causam,
2311 1215 2391 1258 hac

116 1279 261 1321 fabula
291 1283 464 1333 poetam
495 1280 575 1320 sibi
605 1279 838 1320 transitum
869 1280 1084 1333 paravisse
1115 1281 1167 1321 ad
1196 1280 1312 1321 illam
1342 1281 1560 1324 felicitatis
1591 1282 1707 1324 Pelei
1744 1284 2056 1334 narrationem,
2100 1301 2182 1339 qua
2208 1288 2388 1340 juvenes

115 1352 389 1406 Aegineticos
421 1353 473 1394 ad
504 1353 682 1393 similem
713 1352 959 1393 castitatem
983 1355 1026 1393 et
1045 1352 1253 1405 pietatem
1277 1354 1462 1395 excitare
1484 1356 1678 1397 voluerit.
1728 1356 1949 1398 Praeclare
1970 1359 2141 1412 quidem
2161 1362 2392 1414 utrumque

115 1426 180 1466 vir
208 1425 474 1466 venerandus
506 1425 635 1475 dixit,
679 1425 751 1465 sed
790 1439 879 1465 rem
916 1439 1002 1466 non
1045 1425 1288 1466 universam
1327 1427 1552 1480 expedivit.
1611 1427 1722 1469 Nam
1752 1432 1801 1470 ut
1832 1429 2005 1471 Peleum
2031 1431 2262 1484 juvenibus
2293 1434 2389 1474 imi—

115 1498 295 1540 tandum
334 1501 592 1551 proponeret
632 1500 674 1539 et
711 1497 962 1539 felicitatem
1000 1497 1091 1550 ejus
1130 1498 1345 1549 laudaret,
1388 1513 1475 1540 non
1505 1514 1610 1553 opus
1641 1504 1732 1542 erat
1769 1502 1842 1544 illa
1871 1503 1989 1544 tristi
2018 1504 2241 1553 memoria3
2287 1505 2391 1546 emi-

115 1571 257 1625 gratio
287 1585 385 1611 vero
406 1570 688 1612 Aeacidarum
721 1585 771 1611 ex
801 1570 941 1623 patria
971 1570 1110 1611 insula
1142 1570 1267 1611 unius
1299 1572 1559 1613 curiositatis
1591 1588 1718 1614 causa
1748 1576 1915 1617 narrari
1946 1590 2033 1617 non
2064 1576 2220 1617 debuit.
2264 1577 2392 1618 Haud

116 1643 204 1685 scio
243 1658 297 1684 an
337 1643 508 1696 gravior
546 1657 673 1684 causa
712 1647 880 1696 poetam
921 1643 1114 1684 moverit.
1174 1642 1289 1690 Quae
1321 1644 1457 1696 qualis
1488 1644 1618 1687 fuerit
1647 1647 1907 1697 videbimus,
1949 1648 1983 1688 si
2015 1648 2191 1689 alteram
2220 1649 2390 1691 fabulae

115 1717 282 1769 partem
310 1715 550 1757 accuratius
579 1716 902 1769 inspexerimus.
960 1715 1021 1756 Ea
1051 1716 1164 1756 enim
1193 1717 1330 1769 magis
1363 1717 1492 1758 etiam
1522 1718 1574 1758 ad
1604 1732 1692 1760 rem
1723 1720 1861 1773 ipsam
1891 1721 2074 1770 accedit,
2118 1721 2275 1775 quippe
2306 1736 2390 1775 qua

116 1788 240 1830 nobis
271 1791 399 1841 poeta
429 1788 701 1839 revelaverit,
743 1788 811 1829 cui
841 1787 902 1828 rei
931 1787 1170 1841 Aeginetae
1200 1789 1405 1839 debeant,
1444 1790 1557 1843 quod
1586 1791 1632 1831 in
1663 1806 1782 1833 suam
1812 1793 1996 1834 insulam
2027 1808 2190 1834 summa
2216 1794 2392 1835 deorum

115 1860 268 1913 gratia,
304 1862 371 1901 tot
402 1860 591 1902 victoriis
622 1861 816 1914 probata,
848 1860 1069 1902 redundet.
1126 1861 1293 1914 Aegina
1322 1863 1525 1902 nimirum
1555 1864 1794 1917 antiquitus
1826 1867 1928 1919 φίλα
1959 1869 2090 1915 ξένων
2119 1864 2274 1919 ἄρουρα
2304 1866 2388 1908 fuit

117 1931 243 1984 (v.8).
288 1931 464 1973 Veritus
495 1933 608 1973 enim
631 1932 783 1974 Jovem
812 1933 990 1986 hospitii
1015 1933 1087 1986 jus
1119 1936 1313 1974 tuentem
1342 1934 1516 1987 (ξεινίου
1545 1936 1708 1992 πατρός
1729 1937 1860 1989 χόλον
1881 1939 2021 1985 δείσας
2050 1953 2087 1979 v.
2120 1938 2189 1990 33)
2237 1938 2390 1980 Peleus

115 2005 331 2046 recusavit
364 2004 626 2058 Hippolytae
664 2006 894 2047 illecebras.
953 2006 1084 2059 Cujus
1122 2006 1297 2059 pietatis
1335 2009 1507 2047 tantum
1544 2009 1778 2061 praemium
1809 2011 1932 2061 tulit,
1971 2014 2020 2052 ut
2049 2012 2116 2052 vel
2146 2011 2389 2065 Neptunus,

117 2077 190 2130 qui
219 2078 274 2118 ob
304 2077 474 2119 caedem
503 2076 660 2127 Phoci,
691 2078 768 2119 filii
798 2078 986 2120 marinae
1018 2079 1132 2128 deae,
1163 2078 1372 2131 imprimis
1402 2080 1687 2131 irascebatur,
1727 2097 1822 2123 cum
1853 2097 1901 2124 eo
1932 2084 1977 2124 in
2008 2084 2192 2136 gratiam
2222 2085 2391 2125 rediret.

116 2148 307 2190 Tantum
335 2149 471 2203 igitur
501 2151 613 2191 valet
643 2151 794 2192 innata
823 2152 971 2192 virtus.
1029 2151 1153 2192 Hanc
1185 2166 1394 2192 summam
1425 2167 1517 2192 esse
1554 2153 1723 2195 fabulae
1765 2155 1921 2209 ipsius,
1957 2156 2047 2209 jam
2077 2157 2173 2198 inde
2208 2157 2392 2210 perspici

117 2223 276 2274 potest,
306 2222 419 2276 quod
450 2222 659 2264 Pindarus
691 2238 767 2264 suo
797 2238 914 2265 more
942 2224 985 2264 id
1014 2224 1232 2273 indicavit,
1263 2223 1312 2264 ad
1344 2224 1483 2276 ipsum
1513 2225 1641 2267 finem
1671 2227 1840 2268 fabulae
1865 2229 2125 2270 sententiam
2151 2230 2390 2282 generalem

118 2294 379 2347 adjungens:
417 2295 585 2349 πότμος
613 2297 659 2338 δὲ
695 2300 825 2350 κρίνει
862 2296 1062 2353 συγγενής
1101 2295 1233 2353 ἔργων
1275 2298 1373 2349 περὶ
1411 2297 1585 2339 πάντων
1624 2297 1682 2351 (v.
1713 2302 1802 2352 40).
1861 2300 1959 2342 Jam
1997 2302 2079 2343 alia
2116 2316 2282 2355 quoque
2320 2316 2389 2343 res

118 2366 339 2409 dilucidior
369 2368 429 2408 fit.
479 2367 636 2409 Eadem
667 2370 802 2410 virtus
833 2369 983 2410 innata
1013 2371 1078 2410 est
1109 2369 1371 2421 Euthymeni
1400 2369 1591 2422 Pytheae
1621 2371 1871 2413 The-mistio.
1923 2372 2033 2421 Quid
2063 2375 2237 2424 mirum,
2277 2374 2391 2427 quod

119 2439 361 2493 ubicunque
391 2440 445 2481 ad
475 2441 708 2483 certamina
737 2456 828 2483 sese
857 2442 1103 2496 accingunt,
1134 2443 1319 2484 victores
1351 2442 1567 2483 evadunt?
1612 2442 1722 2485 Sunt
1752 2446 1866 2486 enim
1895 2446 2176 2487 Aeacidarum
2206 2447 2389 2500 posteri;

119 2525 301 2564 quorum
330 2527 468 2554 mores
499 2527 629 2566 quum
659 2516 702 2555 et
729 2514 811 2568 ipsi
842 2515 1043 2565 referant,
1075 2515 1126 2556 iis
1144 2514 1346 2568 Juppiter
1366 2529 1536 2568 praeses
1552 2515 1823 2567 Nemeorum,
1856 2516 2086 2571 Neptunus
2108 2518 2389 2560 Isthmiorum

118 2583 315 2624 ludorum
346 2585 526 2626 eandam
555 2599 682 2638 quam
711 2586 837 2629 Peleo
867 2588 1052 2641 gratiam
1081 2587 1331 2629 concedunt.
1390 2586 1502 2635 Quin
1532 2589 1688 2642 Apollo
1719 2604 1911 2644 quoque,
1951 2591 2025 2644 qui
2054 2591 2099 2631 in
2130 2592 2388 2633 solemnibus

120 2654 236 2697 Pelei
265 2657 530 2710 nuptialibus
561 2659 736 2701 chorum
766 2660 900 2710 duxit,
931 2660 983 2700 iis
1015 2660 1144 2708 favet,
1174 2659 1364 2712 Pytheae
1393 2661 1438 2701 in
1468 2661 1578 2702 ludis
1608 2662 1691 2715 ipsi
1721 2663 1851 2703 sacris
1882 2663 2106 2704 victoriam
2138 2663 2385 2705 concedens.

119 2727 254 2770 Recte
284 2744 382 2772 vero
412 2731 796 2774 Rauchensteinius
823 2732 1010 2786 judicat,
1049 2732 1143 2773 ideo
1173 2731 1363 2773 fabulam
1399 2747 1533 2787 usque
1563 2734 1615 2776 ad
1645 2735 1767 2775 ludos
1797 2734 2026 2776 Isthmicos
2059 2735 2231 2786 deduci,
2276 2736 2389 2789 quod

121 2801 350 2843 verisimile
378 2803 455 2854 sit,
487 2804 691 2846 victorem
721 2808 764 2846 et
794 2805 886 2858 ejus
926 2805 1105 2846 fratrem
1130 2804 1219 2856 jam
1249 2805 1431 2847 Isthmia
1459 2806 1574 2848 adire
1604 2808 1648 2847 in
1679 2807 1821 2848 animo
1850 2807 2073 2857 habuisse3
2114 2809 2389 2860 quamobrem

120 2888 192 2915 eos
223 2878 395 2927 poetam
423 2875 663 2926 adhortari,
694 2893 747 2919 ne
777 2878 827 2918 de
859 2877 999 2918 studio
1030 2877 1260 2927 desistant,
1293 2892 1424 2931 quum
1454 2878 1703 2932 Neptunus,
1735 2880 1806 2933 qui
1838 2879 1962 2921 Peleo
1993 2880 2096 2921 adeo
2127 2879 2304 2930 faverit,
2334 2880 2388 2922 iis

122 2960 288 3000 quoque
316 2948 464 3000 procul
495 2948 622 2991 dubio
652 2950 875 2992 victoriam
905 2950 1148 2991 tributurus
1180 2950 1250 3000 sit,
1282 2951 1393 2992 sicut
1423 2954 1466 2992 et
1496 2952 1815 3005 navigationem
1847 2952 2036 3005 Aeginae
2067 2953 2244 2993 auxerit.

345 3020 462 3062 Haec
492 3021 529 3062 si
557 3024 671 3064 recte
701 3023 987 3076 exposuimus,
1017 3037 1104 3063 non
1135 3025 1212 3072 est,
1243 3022 1355 3076 quod
1378 3037 1603 3076 queramur
1622 3024 1672 3065 de
1692 3025 1867 3066 turbato
1892 3024 2204 3066 sententiarum
2227 3024 2386 3075 ordine,

121 3105 379 3145 quamquam
409 3092 592 3135 libenter
621 3095 801 3137 concedo
833 3094 1023 3136 nondum
1060 3096 1204 3136 omnia
1243 3095 1464 3137 enucleata
1501 3111 1612 3147 esse,
1652 3097 1738 3137 imo
1768 3097 1843 3137 uni
1874 3098 1986 3146 loco,
2024 3097 2098 3150 qui
2128 3097 2296 3150 quidem
2335 3097 2387 3138 ad

1918 3172 1934 3182 ,ι

1915 3185 1938 3210 O
