2724 3518
1240 188 1267 232 ‘7

122 326 245 369 Unde
274 326 420 368 hausit
449 326 529 368 1100
557 326 797 379 interpres?
845 325 989 367 Unum
1019 341 1153 380 usque
1184 340 1231 367 eo
1263 325 1518 379 Aeginetam
1549 323 1867 378 praedicaverat
1897 325 2036 377 poeta,
2068 322 2278 376 Pytheam
2303 323 2398 365 dico

102 399 309 441 carmine
339 398 551 440 Nemeaeo
581 398 753 451 quintO,
792 397 905 451 quod
945 398 997 439 ad
1038 399 1192 439 aetatis
1232 400 1382 451 poetae
1413 411 1574 438 annum
1604 396 1867 437 tricesimum
1898 397 2097 450 quintum
2128 396 2397 437 referendum

123 474 201 513 est.
259 470 352 519 Quo
387 471 500 512 enim
536 472 727 523 tempore
765 470 955 511 carmina
993 469 1045 511 N.
1077 469 1185 511 VIII
1222 472 1265 511 et
1295 468 1357 510 IV
1397 471 1571 510 cantata
1615 469 1723 518 sint,
1761 483 1849 510 non
1878 469 2026 522 liquet.
2086 468 2183 509 Alia
2214 482 2313 509 vero
2345 468 2396 508 de

123 545 292 584 maturo
324 542 499 584 Pindari
528 556 623 583 cum
644 541 881 594 Aeginetis,
914 542 1167 596 quibuscum
1197 544 1349 595 postea
1380 541 1627 594 saepissime
1658 541 1922 591 versabatur,
1955 541 2207 582 commercio
2238 539 2398 581 tradita

125 629 212 657 non
244 622 357 655 sunt.
416 614 514 655 Non
544 613 685 654 minus
715 613 879 655 incerta
910 617 1023 662 sunt,
1055 629 1163 667 quae
1194 613 1337 667 prodit
1367 613 1417 654 de
1447 613 1704 666 Agesidamo
1738 612 1939 654 Locrensi
1970 614 2131 655 victore
2163 611 2395 665 Olympico.

123 686 266 740 Atque
298 687 376 728 hoc
405 685 576 739 quidem
604 685 698 727 1000
730 687 925 728 consulto
957 690 1198 740 praetereo,
1240 685 1353 739 quod
1384 685 1646 727 Schmidtius
1677 685 1887 735 affirmat,
1920 685 2153 727 Pindarum
2183 687 2396 738 rogatum,

120 762 168 800 ut
194 758 459 812 Olympicam
492 757 715 799 victoriam
745 758 951 810 laudaret,
984 759 1191 813 singulari
1220 758 1405 812 quodam
1436 758 1591 811 gaudio
1622 757 1822 798 affectum
1853 772 1956 807 esse,
1984 773 2242 811 quamquam
2271 757 2313 798 id
2344 771 2394 797 ex

123 831 380 874 carminibus
404 829 467 871 Ol.
490 829 529 871 X
549 832 592 870 et
609 829 671 871 XI
701 831 850 873 elicere
879 831 985 872 mihi
1014 845 1102 872 non
1132 831 1328 884 contigit.
1377 831 1436 872 At
1466 845 1550 884 quo
1581 829 1702 871 fonte
1733 829 1878 870 hausit
1909 829 2017 877 8011..
2049 833 2233 884 poetam,
2265 844 2397 884 quum

125 903 344 958 Olympiae
375 902 605 953 adfuisset,
645 918 670 944 a
699 903 861 945 victore
890 904 1122 945 invitatum
1152 917 1265 953 esse,
1300 905 1349 943 ut
1380 917 1424 944 se
1455 903 1627 944 domum
1658 917 1779 943 suam
1809 901 1853 942 in
1891 902 2060 944 Italiam
2087 902 2395 944 comitaretur?

124 976 325 1018 Adfuisse
354 990 451 1016 eum
480 976 686 1025 conced03
717 976 796 1018 hoc
827 976 941 1017 enim
972 976 1093 1018 docet
1120 974 1183 1016 Ol.
1213 975 1265 1026 X,
1298 977 1403 1024 1003
1433 975 1668 1016 invitatum
1695 988 1799 1024 esse,
1830 988 1952 1028 nego.
2012 974 2124 1016 Nam
2151 973 2213 1015 Ol.
2238 973 2312 1023 XI,
2346 976 2396 1014 16

123 1049 202 1090 1100
232 1048 406 1102 probari
436 1062 523 1089 non
553 1050 719 1101 potest3
752 1048 902 1090 similis
934 1063 1000 1090 res
1031 1050 1109 1098 est,
1141 1051 1269 1101 atque
1300 1046 1363 1088 Ol.
1383 1046 1481 1099 VII,
1516 1051 1589 1098 13,
1625 1046 1684 1088 VI
1715 1049 1765 1087 22
1798 1050 1877 1089 etc.
1936 1046 2057 1095 Quod
2087 1047 2268 1100 denique
2300 1045 2394 1087 Sch.

123 1122 167 1161 in
198 1120 445 1162 universum
474 1120 524 1160 de
555 1121 696 1161 animo
726 1123 877 1174 poetae
908 1121 1143 1163 victoribus
1165 1120 1352 1174 propitio
1376 1120 1489 1170 dicit,
1521 1135 1608 1162 non
1629 1120 1790 1173 primae
1817 1119 1940 1161 modo
1961 1120 2116 1161 aetatis
2140 1119 2397 1161 carminibus

123 1192 342 1246 proprium
374 1195 453 1242 est,
486 1192 559 1234 sed
588 1193 786 1234 omnibus
818 1193 921 1235 odis.

348 1264 537 1307 Transeo
569 1265 621 1306 ad
651 1265 886 1318 reliyiones.
944 1266 1085 1320 Atque
1113 1266 1218 1307 haec
1249 1266 1330 1307 duo
1367 1265 1524 1307 indicia
1554 1265 1864 1307 adolescentiae
1894 1265 2094 1307 dicuntur
2132 1279 2245 1315 esse,
2285 1264 2397 1318 quod

122 1340 250 1391 poeta
291 1338 513 1380 victoriam
552 1341 815 1392 reportatam
855 1339 994 1392 magis
1035 1338 1088 1379 ad
1126 1339 1301 1380 deorum
1339 1338 1520 1392 gratiam
1562 1340 1690 1392 atque
1728 1338 1932 1380 auxilium
1970 1340 2139 1380 revocet
2178 1351 2304 1391 quam
2346 1336 2399 1377 ad

122 1411 329 1452 virtutem
368 1411 564 1461 victoris,
612 1425 749 1464 neque
787 1414 932 1452 tamen
972 1411 1126 1452 audeat
1165 1410 1241 1451 11111
1282 1411 1407 1453 alicui
1445 1411 1521 1453 deo
1559 1411 1782 1453 victoriam
1830 1413 2047 1464 acceptam
2094 1410 2272 1459 referre,
2325 1408 2399 1450 sed

128 1484 295 1524 numini
325 1483 468 1524 divino
499 1483 543 1524 in
575 1484 822 1525 universum
850 1484 1028 1525 tribuat.
1086 1482 1298 1524 Neutrum
1329 1499 1476 1525 verum
1506 1487 1584 1526 est.
1645 1483 1805 1535 Quanti
1844 1484 1956 1524 enim
1993 1483 2150 1525 laboris
2188 1486 2226 1525 et
2263 1482 2399 1524 studii

125 1557 183 1597 sit
212 1557 419 1598 victorem
448 1556 700 1606 renuntiari,
732 1557 838 1597 satis
868 1556 1023 1598 docent
1051 1556 1135 1598 loci
1165 1555 1211 1596 P.
1229 1555 1281 1604 Χ,
1314 1559 1365 1597 23
1392 1570 1452 1610 sq.
1510 1556 1558 1604 ὅς
1577 1555 1629 1598 ἄν
1646 1559 1791 1609 χερσὶν
1810 1554 1836 1611 ἢ
1858 1557 2004 1598 ποδῶν
2025 1554 2151 1614 ἀρετᾷ
2174 1555 2397 1612 κρατήσαις

123 1628 174 1671 τά
196 1627 357 1682 μέγιστ’
390 1626 559 1670 ἀέθλων
588 1627 675 1688 ἕλῃ
705 1630 873 1687 τόλμᾳ
903 1644 959 1671 τε
988 1630 1070 1671 καὶ
1101 1632 1287 1671 σθένει
1326 1628 1372 1669 Ρ.
1393 1629 1487 1679 XII,
1520 1631 1592 1670 28:
1626 1628 1661 1671 εἰ
1692 1630 1739 1671 δέ
1766 1645 1828 1676 τις
1857 1627 1983 1682 ὄλβος
2012 1627 2057 1669 ἕν
2086 1626 2397 1682 ἀνθρώποισιν,

124 1701 248 1743 ἄνευ
286 1702 520 1755 καμάτου
559 1701 614 1745 ov'
653 1705 911 1757 φαίνεται.
972 1700 1034 1742 Ol.
1064 1701 1139 1751 XI,
1170 1705 1215 1742 4:
1257 1701 1369 1743 εἰδὲ
1406 1701 1499 1743 σῦν
1539 1701 1685 1758 πόνῳ
1727 1717 1788 1748 τις
1828 1695 1873 1744 εὖ
1908 1701 2115 1757 πράσσει,
2156 1702 2399 1754 μελιγάρυες

125 1774 253 1827 {iuvet
282 1776 482 1816 τέλλεται.
531 1774 594 1816 Ol.
624 1775 676 1825 X,
709 1777 760 1814 22
792 1773 998 1816 ἄπονοι·
1028 1773 1065 1816 δ’
1098 1774 1289 1829 ἔλαβον
1319 1773 1488 1826 χάρμα
1519 1777 1715 1828 παῦροί
1740 1789 1892 1821 τινες.
1953 1772 2000 1814 Ο.
2032 1773 2093 1824 Χ,
2137 1776 2187 1814 60
2219 1788 2280 1827 sq.
2336 1777 2399 1820 τίς

127 1846 180 1903 δὴ
213 1851 436 1888 ποταίνιον
466 1846 589 1900 ἔλαχε
619 1851 831 1901 στέφανον
860 1851 1069 1903 χείρεσσι,
1110 1851 1243 1890 ποσίν
1282 1861 1325 1888 τε
1355 1849 1422 1889 καὶ
1452 1840 1624 1900 ἅρματι,
1665 1846 1789 1903 ἔργῳ
1826 1846 2090 1897 καθελώνς
2131 1844 2194 1887 Ol.
2225 1846 2284 1897 X,
2323 1849 2397 1887 91:

123 1919 226 1961 ὅταν
255 1919 360 1961 καλοῖ
389 1919 525 1973 ἔρξαις
556 1918 696 1965 ἀοιδᾶς
725 1916 842 1973 ἄτερ,
873 1919 1130 1975 Ἁγησίδαμ’,
1169 1919 1227 1967 εἷς
1256 1918 1362 1961 Ἀίδα
1392 1919 1592 1972 σταθμόν
1621 1918 1724 1976 ἀνὴρ
1763 1918 1921 1976 ἵκηται,
1957 1918 2107 1961 κενεά
2147 1920 2399 1966 πνεύσαις

122 1991 283 2047 ἔπορε
322 1991 387 2045 μό
396 1996 509 2049 χθῳ
546 1994 682 2047 βραχύ
718 2009 758 2034 τι
796 1993 1005 2045 τερπνόνς
1056 1995 1097 2034 et
1142 1993 1289 2034 virtuti
1334 1992 1505 2033 ιἰιηαΐαθ
1549 2006 1714 2033 sumina
1754 1992 1846 2033 laus
1885 1992 2092 2033 tribuitur
2130 2006 2217 2032 non
2259 1992 2396 2033 solum

122 2064 174 2106 N.
205 2064 256 2116 V,
290 2067 344 2107 40
376 2079 458 2118 sq.,
500 2065 572 2106 sed
602 2065 732 2106 etiam
762 2064 808 2106 Ρ.
839 2064 898 2115 X,
932 2067 981 2106 12
1014 2080 1074 2119 sq.
1134 2065 1202 2106 Ab
1233 2065 1367 2106 altera
1396 2067 1540 2106 autem
1570 2067 1691 2118 parte
1721 2064 1890 2106 deorum
1929 2064 2139 2106 aux-ilium
2176 2064 2220 2104 in
2250 2066 2398 2117 poste-

123 2138 306 2179 rioribus
336 2151 503 2191 quoque
534 2138 793 2180 carminibus
823 2140 891 2179 tot
923 2140 966 2178 et
995 2138 1131 2179 tantis
1164 2137 1359 2178 laudibus
1392 2138 1588 2187 effertur,
1628 2140 1677 2178 ut
1716 2138 1886 2191 singula
1924 2138 2015 2191 ejus
2053 2137 2113 2178 rei
2150 2136 2398 2177 testimonia

123 2210 271 2252 afferre
299 2225 406 2265 opus
437 2225 525 2251 non
557 2210 624 2252 sit.
680 2210 829 2264 Neque
862 2211 1003 2252 minus
1034 2211 1235 2252 abhorret
1265 2225 1289 2252 a
1320 2224 1433 2257 vero,
1464 2209 1577 2262 quod
1609 2209 1868 2251 Schmidtius
1899 2210 1972 2251 illa
2004 2212 2145 2251 aetate
2175 2209 2396 2250 victoriam

121 2297 202 2325 non
232 2283 286 2325 ad
315 2297 445 2324 mmm
476 2283 655 2335 aliquem
685 2283 824 2334 deum,
861 2283 935 2325 sed
964 2283 1163 2325 universe
1197 2283 1248 2324 ad
1279 2297 1439 2323 numen
1469 2283 1660 2324 divinum
1690 2283 1831 2337 ipsum
1863 2283 2052 2324 revocari
2083 2282 2196 2322 dicit.
2257 2281 2395 2328 Quid?

122 2371 263 2397 nonne
294 2356 484 2409 Apollini
514 2355 769 2410 Hippocleas
797 2356 1021 2398 victoriam
1051 2356 1207 2397 debet?
1254 2355 1319 2408 (P.
1353 2358 1424 2405 10,
1468 2354 1540 2409 10)
1583 2371 1726 2397 11011110
1756 2355 1974 2396 Minervae
2013 2368 2091 2408 ope
2121 2353 2301 2395 Perseus
2345 2354 2395 2395 ad

122 2428 423 2482 Hyperboreos
455 2429 604 2470 venit?
636 2428 701 2479 (P.
720 2429 771 2478 X,
794 2428 882 2481 45.)
914 2443 1057 2470 nonne
1089 2429 1234 2469 eadem
1263 2428 1401 2469 virum
1424 2428 1580 2470 fortem
1602 2443 1652 2469 ex
1671 2429 1870 2481 periculis
1893 2427 2080 2481 eripuit?
2121 2426 2188 2479 (P.
2208 2427 2302 2476 XII,
2328 2427 2394 2476 18)

124 2501 226 2553 quid
259 2501 362 2542 dicis
394 2501 443 2542 de
473 2500 676 2554 Neptune
707 2501 773 2553 (P.
802 2501 888 2551 VI,
921 2499 1016 2553 50),
1057 2501 1106 2542 de
1137 2501 1336 2555 Apolline
1368 2499 1432 2547 (P.
1464 2500 1561 2551 VII,
1597 2503 1699 2551 10)?
1749 2500 1860 2549 Quin
1891 2501 2040 2549 etiam,
2081 2513 2186 2552 quae
2217 2498 2396 2551 vestigia

123 2572 434 2615 adolescentiae
468 2573 745 2624 Schmidtius,
778 2589 874 2616 cum
904 2574 1090 2628 priorem
1118 2573 1217 2614 libri
1248 2573 1313 2614 sui
1343 2577 1508 2627 partem
1540 2574 1755 2624 scriberet,
1791 2573 2017 2626 indagasse
2049 2571 2130 2613 sibi
2158 2571 2392 2620 videbatur,

123 2660 171 2687 ea
206 2646 298 2699 ipse
338 2661 376 2699 p.
407 2649 488 2688 420
521 2660 580 2699 sq.
620 2646 846 2688 obliterare
884 2647 1065 2699 cogitur.
1125 2644 1390 2699 Quamquam
1427 2647 1611 2688 libenter
1650 2646 1834 2688 concedo
1876 2660 1999 2698 saepe
2037 2645 2099 2686 ita
2136 2644 2186 2685 de
2220 2644 2395 2685 deorum

122 2732 200 2772 ope
231 2718 325 2768 dici,
357 2721 405 2760 ut
435 2733 591 2760 nomen
622 2719 689 2760 dei
718 2719 963 2773 adjuvantis
993 2720 1210 2767 taceatur3
1238 2719 1310 2759 sed
1340 2719 1451 2760 idem
1483 2720 1729 2773 saepissime
1759 2719 1804 2760 in
1826 2719 2023 2761 omnibus
2046 2717 2303 2759 carminibus
2330 2716 2392 2766 fit,

122 2792 173 2834 cf.
205 2807 239 2833 e.
270 2806 330 2846 gr.
362 2792 407 2833 Ρ.
439 2795 476 2842 9,
509 2795 572 2833 67.
603 2794 640 2842 8,
674 2795 725 2833 76
757 2807 817 2846 sq.
848 2791 895 2833 O.
926 2794 963 2841 8,
998 2795 1070 2841 143
1105 2794 1170 2842 13,
1204 2794 1296 2833 104.

345 2864 470 2905 Aliud
497 2865 702 2906 indicium
731 2864 1042 2906 adolescentiae
1061 2864 1321 2906 Schmidtius
1353 2879 1404 2906 ex
1434 2864 1486 2906 iis
1516 2864 1674 2915 hausit,
1706 2878 1813 2917 quae
1832 2863 2043 2904 Pindarus
2074 2862 2123 2903 de
2150 2875 2194 2903 re
2219 2862 2394 2915 publica

122 2937 465 2980 administranda
496 2937 624 2978 variis
654 2937 757 2979 locis
788 2937 903 2978 dicit.
960 2937 1316 2979 Adolescentulos
1346 2936 1472 2988 enim,
1504 2951 1635 2990 quum
1665 2937 1715 2978 ad
1746 2951 1836 2978 rem
1865 2935 2079 2989 publicam
2105 2935 2242 2989 ipsam
2274 2949 2393 2997 acce-

122 3010 247 3051 dendi
278 3013 320 3051 et
350 3010 393 3051 in
425 3010 642 3064 pulverem
670 3009 752 3051 fori
782 3009 1065 3051 descendendi
1095 3009 1316 3051 occasione
1346 3009 1546 3051 destituti
1576 3010 1684 3060 sint,
1717 3009 1851 3050 solere
1880 3008 2050 3049 illorum
2080 3007 2317 3049 sententias
2349 3009 2392 3048 et

122 3082 234 3125 dicta
263 3097 504 3136 recoquere,
535 3083 788 3136 quibuscum
816 3082 975 3125 vivant.
1022 3082 1165 3136 Atque
1194 3083 1364 3124 tantam
1394 3082 1480 3123 vim
1510 3082 1554 3123 in
1585 3096 1657 3124 eos
1688 3095 1881 3124 exercere
1909 3080 2085 3123 consilia
2105 3082 2148 3122 et
2169 3079 2390 3133 opiniones
