2724 3518
1283 177 1312 220 5

164 313 365 368 Aeschyli
403 315 571 368 quidem
613 317 848 371 tragoediis
890 315 1010 358 chori
1038 317 1164 357 131113
1192 318 1258 356 031
1288 315 1522 356 31101011133
1561 319 1690 370 atque
1719 320 1933 371 potestas,
1977 321 2026 358 ut
2055 319 2268 360 actionem
2296 321 2434 374 ipsam

165 387 382 440 reprimat,
414 390 579 430 actores
609 404 708 431 vero
737 390 842 431 adeo
872 404 960 430 non
990 388 1056 429 3111
1079 387 1188 440 juris
1220 387 1321 437 sint,
1352 390 1402 428 ut
1431 401 1706 443 quaecunque
1736 390 1883 431 dicunt
1914 390 2131 431 redoleant
2158 391 2276 432 chori
2295 407 2432 433 mores

164 462 207 500 et
238 461 451 502 sentiendi
479 463 702 512 rationem,
733 462 799 503 vel
828 465 944 510 tum,
977 475 1072 502 011111
1101 473 1342 513 repugnare
1373 463 1416 500 et
1446 460 1632 502 alienata
1662 476 1686 502 a
1715 461 1844 503 choro
1874 462 2051 503 consilia
2081 464 2199 516 sequi
2225 464 2434 505 videntur.

165 530 448 579 Quamobrem
478 534 672 587 singulae
702 548 909 587 personae
939 546 1198 587 quamquam
1228 534 1270 572 et
1296 532 1461 585 origine
1492 536 1534 573 et
1566 533 1809 575 conditione
1838 534 1950 575 vitae
1981 535 2148 588 ingenti
2178 536 2316 590 spatio
2348 537 2433 577 dis-

160 604 303 657 juncti
333 605 532 646 videntur
562 621 653 647 esse
683 622 707 648 a
737 607 892 649 civium
923 605 1189 654 humilitate,
1227 606 1374 645 tamen
1403 619 1448 645 re
1478 620 1578 646 vera
1608 605 1755 646 eodem
1786 620 1882 647 cum
1912 606 1996 647 illis
2029 610 2148 648 statu
2177 609 2432 658 retinentur,

163 676 369 718 Miltiadis
399 678 443 717 in
472 678 545 719 1113
570 680 717 720 tabula
746 679 862 733 picta
891 678 1064 728 similes,
1095 677 1168 730 qui
1197 676 1279 717 etsi
1309 679 1357 717 ut
1388 677 1647 718 clarissimus
1679 678 1763 718 dux
1792 678 1929 731 primo
1958 679 2048 720 1000
2071 680 2259 732 1101111111,
2289 683 2434 721 13111011

164 749 271 790 1111111
292 753 358 790 031
388 749 472 790 11131
499 750 602 792 civis
627 751 740 792 inter
760 752 883 793 cives.
944 749 1175 802 Sophocles
1197 762 1309 798 vero,
1341 749 1409 789 cui
1426 748 1636 790 Pindarus
1663 753 1803 791 aetate
1826 752 1966 804 paullo
1992 753 2197 800 anteibat,
2228 752 2436 794 dissoluta

162 824 337 878 trilogia
367 827 410 864 et
439 837 633 876 represso
664 824 791 865 choro
822 837 996 864 suavem
1027 821 1293 874 singularum
1321 821 1510 873 partium
1551 824 1808 863 concentum
1836 823 2051 874 instituit,
2087 825 2150 866 113
2177 811 2359 874 tamem
2385 827 2435 865 ut

163 897 430 951 singulorum
467 896 650 937 virtutes
689 899 732 937 01
766 895 1052 949 proprietates
1090 893 1306 934 emineant
1348 893 1538 946 quidem,
1585 894 1659 934 sed
1700 896 1915 936 communi
1952 897 2012 937 rei
2054 897 2263 944 serviant,
2305 911 2435 950 quum

161 968 383 1022 Euripides
423 968 643 1020 tragoedia
680 968 794 1022 ipsa,
839 968 875 1008 si
915 967 1051 1008 dicere
1089 965 1212 1015 licet,
1255 965 1466 1006 dissoluta
1504 970 1547 1007 et
1578 967 1696 1008 chori
1733 968 1990 1010 auctoritate
2028 969 2196 1022 abjecta
2226 983 2436 1010 summam

161 1055 301 1082 rerum
333 1040 513 1094 singulis
544 1041 760 1081 actoribus
781 1040 957 1090 tribuat,
989 1052 1171 1092 quorum
1201 1037 1247 1078 in
1275 1038 1451 1079 libidine
1480 1042 1524 1079 et
1553 1039 1730 1080 arbitrio
1760 1042 1854 1081 1013
1883 1040 2029 1082 fabula
2050 1044 2258 1082 versatur.
2299 1039 2435 1088 Quam

160 1113 406 1167 tragoediae
436 1113 720 1154 mutationem
751 1113 787 1153 si
817 1114 985 1153 attento
1024 1110 1166 1152 animo
1206 1109 1411 1163 adspiciS,
1446 1111 1536 1164 jam
1564 1111 1696 1153 habes
1726 1127 1870 1153 rerum
1900 1113 2230 1155 Atheniensium
2268 1113 2435 1154 saeculo

160 1186 312 1239 quinto
343 1188 444 1226 ante
474 1184 693 1226 Christum
720 1198 973 1239 progressus
1004 1186 1047 1224 et
1076 1182 1255 1223 ruinam.
1314 1182 1374 1223 Ut
1405 1183 1517 1224 enim
1550 1183 1824 1225 Marathonia
1853 1187 1994 1226 aetate
2024 1200 2124 1238 prae
2153 1186 2215 1227 rei
2243 1185 2435 1239 publicae

160 1257 419 1299 auctoritate
441 1257 709 1310 singulorum
729 1257 885 1298 civium
906 1257 1089 1297 virtutes
1110 1255 1235 1308 plane
1257 1256 1582 1306 evanescebant,
1603 1255 1791 1297 Periclea
1811 1259 1951 1299 aetate
1972 1259 2170 1299 reseratis
2197 1258 2435 1299 carceribus

161 1330 321 1383 singuli
350 1330 464 1370 inter
494 1344 537 1371 se
567 1329 906 1378 aemulabantur,
939 1329 1033 1382 quis
1065 1342 1155 1369 rem
1186 1342 1453 1369 communem
1483 1329 1665 1369 maxime
1695 1342 1850 1382 augere
1881 1332 1923 1370 et
1955 1329 2156 1383 adjuvare
2185 1332 2344 1384 posset,
2374 1330 2437 1370 ita
2462 1376 2464 1379 v

161 1406 309 1444 exorto
351 1402 532 1455 denique
568 1402 679 1443 bello
710 1401 1071 1455 Peloponnesiaco
1112 1401 1356 1454 postposita
1388 1402 1450 1441 rei
1489 1401 1682 1455 publicae
1722 1402 1859 1442 salute
1896 1402 1939 1442 id
1975 1403 2152 1456 quisque
2193 1403 2434 1456 appetebat,

160 1475 273 1528 quod
306 1475 457 1528 cuique
487 1474 766 1515 utilissimum
796 1478 839 1515 et
866 1474 1226 1527 jucundissimum
1252 1473 1486 1514 videbatur.
1547 1473 1629 1515 Sed
1648 1474 1869 1516 redeamus
1891 1475 1944 1515 ad
1962 1475 2206 1526 Pindarum,
2236 1475 2438 1528 Aeschyli

161 1548 394 1601 aequalem,
427 1547 548 1601 cujus
579 1547 865 1588 adolescentia
894 1547 939 1587 in
969 1561 1017 1588 ea
1047 1546 1199 1587 incidit
1229 1549 1436 1599 tempora,
1467 1547 1622 1599 quibus
1653 1547 1720 1587 vel
1745 1547 1943 1597 Athenis,
1975 1561 2058 1600 qua
2086 1548 2131 1588 in
2154 1549 2257 1590 urbe
2282 1548 2435 1601 ingens

160 1621 393 1661 multorum
430 1620 653 1661 hominum
690 1633 921 1661 concursus
962 1622 1004 1659 et
1041 1619 1210 1660 mobilis
1248 1618 1410 1660 Jonum
1447 1620 1575 1660 turba
1606 1619 1819 1660 *novandis
1857 1621 1982 1661 rebus
2012 1620 2207 1669 favebat,
2245 1635 2384 1662 mores
2413 1635 2437 1661 a.

159 1693 394 1746 majoribus
426 1692 575 1733 traditi
604 1695 773 1733 tantam
802 1691 889 1732 vim
928 1692 1200 1741 exercebant,
1240 1694 1290 1732 ut
1331 1706 1455 1732 nemo
1493 1692 1666 1745 impune
1705 1693 1857 1734 audere
1898 1695 2045 1746 posset
2084 1708 2108 1734 a
2137 1694 2304 1747 publica
2335 1707 2437 1734 con-

161 1765 385 1806 suetudine
424 1764 650 1806 discedere.
710 1764 879 1813 Quanto
918 1765 1055 1818 inagis
1093 1764 1136 1805 id
1174 1764 1219 1804 in
1250 1764 1479 1805 Dorienses
1518 1764 1664 1806 cadere
1701 1765 1941 1818 putandum
1971 1769 2058 1816 est,
2097 1780 2277 1818 quorum
2307 1766 2439 1806 animi

160 1838 263 1879 adeo
285 1838 475 1878 moribus
496 1838 795 1891 institutisque
817 1838 1028 1891 majorum
1048 1837 1388 1890 acquiescebant,
1419 1840 1540 1878 utne
1567 1839 1738 1878 vetusta
1761 1838 1932 1890 quidem
1964 1841 2006 1879 et
2030 1838 2220 1879 obsoleta
2243 1839 2438 1880 celeriter

160 1912 381 1951 mutarent
412 1914 454 1951 et
485 1910 790 1951 emendarent?
840 1909 962 1958 Quod
991 1924 1122 1963 quum
1159 1910 1222 1950 ita
1259 1910 1335 1959 sit,
1379 1924 1522 1950 nonne
1563 1909 1673 1950 idem
1714 1910 1763 1951 de
1802 1910 1988 1952 Pindaro
2027 1911 2304 1956 statuendum
2341 1910 2435 1960 erit,

160 1997 286 2036 quem
325 1997 373 2024 eo
412 1981 582 2036 majore
609 1983 740 2037 patrii
779 1984 909 2024 moris
946 1997 1089 2024 amore
1127 1998 1151 2024 a
1188 1982 1374 2036 pueritia
1411 1982 1634 2022 incensum
1665 1984 1793 2036 atque
1822 1983 2135 2024 inflammatum
2164 1983 2295 2024 fuisse
2325 1984 2434 2024 veri-

160 2055 296 2097 simile
328 2060 406 2105 est,
437 2055 550 2108 quod
582 2058 624 2096 et
654 2055 812 2097 illustri
840 2056 1102 2109 Aegidarum
1133 2055 1254 2109 genti
1285 2058 1496 2107 cognatus
1527 2057 1633 2104 erat,
1666 2059 1708 2095 et
1738 2055 1950 2108 Apollinis
1980 2055 2198 2109 Delphici,
2225 2070 2308 2110 quo
2340 2071 2437 2097 cum

159 2128 347 2169 universi
379 2128 529 2170 Graeci
557 2131 651 2169 tum
680 2128 912 2170 Dorienses
942 2129 1230 2182 gubernatore
1269 2130 1311 2168 01
1342 2130 1505 2168 1001010
1537 2127 1777 2168 civitatium
1817 2128 1883 2169 uti
1913 2127 2128 2178 solebant,
2168 2129 2362 2170 sacerdos
2394 2132 2437 2169 et

158 2202 309 2242 vates?
368 2200 496 2242 Erras
535 2201 691 2254 igitur,
732 2202 1005 2255 sagacissime
1043 2202 1281 2255 interpres,
1327 2200 1602 2241 vehementer
1640 2214 1776 2250 erras,
1820 2200 1933 2254 quod
1964 2199 2172 2250 affirmas,
2215 2206 2438 2254 poetarum

158 2274 419 2315 nostratium
448 2288 565 2315 more
595 2273 851 2325 Pindarum,
892 2289 1023 2328 quum
1053 2274 1191 2328 prima
1222 2272 1430 2322 carmina,
1469 2286 1575 2325 quae
1613 2272 1658 2312 in
1686 2273 1857 2326 publico
1898 2276 2174 2323 canerentur,
2218 2277 2437 2326 pangeret,

158 2347 323 2387 incerto
354 2346 484 2387 etiam
508 2346 613 2400 pede
641 2347 874 2397 vacillasse,
906 2347 1073 2389 incerta
1092 2349 1135 2388 et
1157 2344 1408 2399 imperfecta
1430 2345 1646 2386 cecinisse.
1704 2344 1922 2386 Abhorret
1942 2345 2026 2386 ista
2048 2346 2263 2386 sententia
2284 2346 2437 2386 mirum

159 2421 368 2473 quantum
399 2419 452 2459 ab
483 2418 759 2472 antiquorum
788 2434 916 2461 more.
974 2419 1081 2469 Imo,
1113 2420 1186 2460 ubi
1215 2418 1402 2471 primum
1432 2417 1477 2458 in
1507 2418 1724 2470 publicum
1754 2417 1914 2470 prodiit
1944 2418 2183 2459 vicenarius
2214 2421 2361 2471 poeta,
2394 2420 2437 2459 et

158 2494 295 2533 artem
337 2506 464 2544 quam
506 2491 790 2545 profitebatur
826 2495 966 2534 totam
1003 2492 1179 2534 tenebat
1222 2494 1265 2531 et
1307 2490 1357 2530 de
1400 2490 1575 2531 deorum
1614 2491 1656 2530 vi
1691 2493 1819 2544 atque
1856 2492 2012 2531 natura
2056 2494 2098 2531 et
2137 2490 2187 2531 de
2224 2490 2437 2542 republica

159 2564 499 2605 administranda
522 2566 565 2605 et
595 2564 644 2605 de
670 2565 760 2605 vita
789 2564 1056 2606 instituenda
1080 2565 1172 2618 jam
1201 2565 1312 2605 idem
1342 2563 1568 2612 sentiebat,
1600 2563 1712 2618 quod
1744 2563 2047 2616 sexagenarius
2079 2578 2218 2604 senex.
2263 2562 2438 2616 Semper

158 2637 270 2678 idem
300 2640 412 2686 erat,
452 2651 619 2690 semper
648 2636 882 2687 Pindarus,
928 2652 1066 2691 neque
1097 2637 1379 2678 succumbens
1410 2639 1652 2689 temporum
1681 2636 2032 2689 gravissimorum
2061 2635 2259 2688 impetui,
2300 2649 2436 2687 neque

157 2710 381 2763 negligens
412 2724 584 2750 cursum
614 2723 756 2750 rerum
785 2710 1057 2751 laudabiliter
1086 2712 1317 2763 gestarum.

381 2781 430 2822 Id
460 2784 504 2822 te
533 2781 710 2834 fugisse,
741 2783 806 2823 vir
835 2783 1102 2832 doctissime,
1139 2796 1187 2824 eo
1218 2781 1355 2834 magis
1386 2780 1536 2830 miror,
1567 2780 1681 2833 quod
1710 2780 1801 2834 ipse
1830 2781 2064 2822 identidem
2094 2780 2296 2830 docuisti,
2328 2794 2435 2833 quae

159 2854 215 2895 sit
246 2853 423 2894 Pindari
453 2854 669 2895 sententia
699 2854 749 2896 de
778 2855 1002 2896 hominum
1031 2854 1173 2895 indole
1204 2856 1333 2907 atque
1362 2856 1530 2895 natura.
1591 2852 1709 2894 Solet
1739 2853 1872 2903 enim,
1913 2854 1948 2894 si
1977 2868 2101 2907 quem
2132 2854 2186 2895 ob
2217 2855 2436 2906 reportata

156 2926 362 2968 victoriae
401 2926 589 2979 praemia
630 2927 825 2969 laudibus
865 2927 1008 2978 effert,
1050 2941 1138 2968 non
1180 2928 1271 2968 tam
1313 2927 1520 2968 victorem
1560 2927 1703 2980 ipsum
1740 2926 2003 2979 praedicare,
2049 2941 2177 2979 quam
2217 2925 2434 2976 familiam,

159 3002 345 3051 gentem,
375 2999 524 3040 urbem
554 2999 659 3052 ejus,
690 2999 735 3039 in
760 2999 914 3053 quibus
946 2999 1187 3053 antiquitus
1217 2999 1290 3040 illa
1320 3014 1581 3040 summarum
1604 2999 1817 3040 virtutum
1845 2998 2009 3039 indoles
2041 3002 2083 3039 et
2106 2998 2286 3040 facultas
2315 2997 2437 3051 quasi

157 3070 289 3112 insita
318 3071 515 3122 latuerit,
547 3071 680 3113 donec
710 3072 917 3114 victorem
945 3072 1168 3113 laudatum
1198 3065 1417 3125 gigneret,
1450 3071 1810 3125 jucundissimum
1841 3071 1989 3125 stirpis
2020 3085 2250 3124 generosae
2279 3070 2436 3111 florem.
