2724 3518
1235 214 1296 258 29

134 353 416 407 Agesidamus
435 355 567 395 —ita
596 354 814 396 exorditur
839 353 996 408 Pythia
1025 354 1264 396 Bonnensis
1287 378 1340 383 —
1360 355 1575 409 pollicitus
1606 357 1711 405 erat,
1742 369 1786 396 se
1817 356 1852 396 si
1874 355 2084 398 Pindarus
2115 357 2196 399 sibi
2226 371 2395 400 carmen

132 426 303 468 fecisset
331 427 486 468 iterum
517 426 736 480 Olympiae
768 427 812 467 in
842 427 952 467 ludis
981 427 1162 480 publicis
1193 430 1456 469 certaturum
1486 441 1588 468 esse.
1646 427 1770 469 Hanc
1805 428 1858 468 ob
1887 443 1976 470 rem
2005 433 2168 483 poetae,
2199 431 2273 484 qui
2303 446 2399 472 eum

135 498 185 539 ad
213 498 257 538 id
286 499 444 540 excitat
475 502 517 539 et
547 499 812 549 adhortatur,
844 499 1029 552 gratiam
1059 498 1195 540 debet.
1214 522 1265 527 —
1296 498 1401 547 Quid
1434 499 1576 540 oculos
1605 499 1758 549 teritis,
1789 499 1981 542 homines
2009 502 2176 543 hebetis
2205 503 2398 555 ingenii?

133 569 202 611 Ita
231 571 438 624 scriptum
476 575 542 611 est
573 571 821 612 vaticinium
851 571 896 612 in
927 570 1151 612 Schmidtii
1182 571 1400 624 Sibyllinis
1432 585 1470 623 p.
1502 574 1602 620 104,
1647 572 1721 611 ubi
1750 586 1897 613 versus
1926 578 2097 626 poetae,
2129 574 2282 627 quibus
2321 575 2400 616 hoc

132 643 258 691 inest,
290 647 333 684 et
362 643 443 697 ipsi
474 643 589 696 typis
619 644 807 697 expressi
836 645 1029 692 exstant3
1061 646 1162 684 sunt
1193 643 1306 685 enim
1335 643 1398 684 hi:

244 716 382 771 τράπε
430 717 475 757 δὲ
514 715 692 758 Κύκνεια
729 715 842 768 μάχα
885 719 952 757 καὶ
999 714 1203 769 ὑπέρβιον
1237 715 1460 771 Ἡρακλέα,
1510 717 1670 763 πύκτας
1710 717 1746 757 δ’
1784 714 1830 758 ἐν
1864 715 2107 769 Ὀλυμπιάδι
2153 706 2277 760 ’νωῖὤν
2315 716 2401 776 Ἴλᾳ

135 788 296 843 φερέτω
329 788 451 843 χάριν
480 788 764 843 Ἁγησίδαμος,
795 787 848 834 ὦς
877 787 1039 840 Ἀχιλεῖ
1064 787 1318 839 Πάτροκλος.
1379 787 1496 828 Haec
1527 787 1789 829 Schmidtius
1817 788 1878 829 ita
1903 789 2228 842 interpretatur:
2260 789 2402 831 Parti-

134 860 291 914 cipium
328 863 454 901 νικῶν
491 874 578 900 11011
622 860 674 901 ad
711 860 822 901 hanc
860 863 934 901 aut
976 860 1149 901 omnino
1194 859 1471 913 praeteritam
1511 860 1735 901 victoriam
1775 860 2043 901 referendum
2081 876 2193 909 esse,
2242 862 2312 903 sed
2336 846 2403 903 'ad

133 932 324 973 futuram
348 931 586 985 quandam;
619 933 806 986 alioquin
828 932 941 972 enim
968 935 1139 985 poetam
1164 932 1350 978 νικάσαις
1380 932 1641 986 scripturum
1667 932 1811 973 fuisse.
1870 932 1922 972 N.
1943 948 2002 986 pr.
2029 932 2133 980 Ἱλας
2154 948 2230 987 pro
2249 934 2404 981 Ἰόλαος

133 1004 321 1057 positum
351 1018 463 1053 esse,
506 1006 634 1057 atque
671 1019 802 1058 quum
840 1005 938 1045 talis
976 1005 1199 1046 nominum
1228 1004 1442 1046 mutilatio
1482 1005 1566 1045 nisi
1596 1005 1640 1044 in
1670 1005 1871 1057 mythicis
1902 1006 2144 1046 nominibus
2176 1005 2404 1047 statuenda

134 1091 221 1117 non
247 1076 315 1124 sit,
345 1075 516 1117 ι1011111111
537 1076 733 1118 Herculis
758 1077 919 1119 socium
941 1077 1192 1131 significare.
1250 1075 1361 1117 Nam
1382 1077 1434 1117 ab
1455 1076 1578 1118 Jolao
1595 1100 1647 1105 —
1665 1076 1890 1118 Schmidtii
1911 1077 2043 1130 ipsius
2065 1079 2193 1119 verba
2211 1078 2404 1119 reddo—

133 1148 380 1198 Herculem,
418 1151 466 1190 ut
496 1162 686 1202 pugnam
724 1164 818 1191 cum
855 1150 987 1191 feroci
1016 1149 1169 1190 Martis
1207 1149 1294 1189 filio
1335 1149 1666 1202 redintegraret,
1705 1149 1938 1191 excitatum
1977 1152 2019 1190 et
2049 1151 2269 1191 incensum
2298 1165 2404 1199 0330,

134 1220 426 1262 Stesichorum
447 1224 522 1262 aut
540 1222 671 1262 alium
692 1223 932 1276 quempiam
950 1222 1201 1271 narravisse,
1224 1221 1494 1261 verisimilius
1516 1224 1594 1271 est,
1618 1236 1746 1274 quam
1765 1224 1813 1262 ut
1834 1222 1876 1262 id
1897 1236 1988 1262 eam
2012 1222 2144 1262 solam
2163 1223 2216 1263 ob
2235 1238 2406 1264 causam

135 1293 321 1334 dubitari
357 1294 514 1347 possit,
555 1293 668 1347 quod
707 1295 980 1344 scholiastae,
1020 1294 1094 1347 qui
1130 1294 1244 1334 hunc
1280 1293 1420 1334 locum
1449 1293 1558 1334 male
1587 1294 1913 1343 intellexerunt,
1959 1293 2008 1334 de
2046 1294 2123 1335 hac
2162 1309 2206 1335 re
2246 1298 2405 1344 tacent,

135 1366 263 1407 semel
294 1366 432 1407 obiter
453 1366 691 1408 indicantes
713 1365 950 1408 Minervam
974 1365 1202 1408 Herculem
1227 1365 1509 1407 admonuisse.
1568 1366 1685 1407 Haec
1708 1365 2009 1408 Schmidt-inst!
2041 1367 2146 1408 Cum
2174 1367 2253 1408 hoc
2282 1367 2405 1408 Jolao

135 1438 368 1479 Pindarum
408 1453 452 1480 se
489 1439 630 1492 ipsum
668 1452 919 1492 componere
956 1440 1123 1481 censet!
1177 1437 1297 1479 Talia
1326 1438 1516 1491 legentes
1546 1438 1639 1491 jure
1668 1439 1799 1480 oculis
1829 1438 2073 1480 diffidimus.
2130 1439 2293 1481 Iterum
2324 1440 2407 1481 alia

136 1511 382 1564 conjectura
410 1525 460 1551 ex
490 1525 600 1552 vano
629 1511 784 1552 hausta
809 1525 934 1564 super
959 1511 1085 1552 aliam
1113 1510 1370 1559 exstruitur,
1401 1510 1498 1551 inde
1525 1525 1622 1552 011111
1651 1525 1816 1552 summa
1840 1511 1994 1552 fiducia
2015 1526 2172 1552 novum
2198 1515 2240 1552 et
2272 1526 2407 1565 usque

136 1584 273 1625 adhuc
316 1583 557 1624 inauditum
600 1583 927 1624 fundamentum
972 1583 1171 1624 carminis
1214 1582 1428 1624 Pindarici
1474 1583 1786 1636 interpretandi
1828 1584 2063 1625 conficitur.
2121 1583 2280 1625 Taedet
2329 1599 2407 1625 1103

136 1657 343 1710 ejusmodi
372 1656 617 1698 fictionibus
648 1671 796 1697 causas
833 1660 874 1697 et
905 1659 1159 1709 argumenta
1199 1669 1423 1707 opponere.
1481 1656 1625 1708 Atque
1665 1654 1778 1709 quod
1808 1655 1916 1696 dixit
1947 1655 1997 1695 de
2026 1657 2250 1709 participio
2282 1659 2408 1698 νικῶν

136 1743 212 1783 pro
253 1744 340 1770 11011
378 1729 492 1770 dicto
530 1729 755 1776 habemus,
795 1729 927 1770 donec
958 1728 1007 1769 de
1037 1727 1185 1768 similis
1216 1728 1432 1780 participii
1462 1728 1700 1781 praesentis
1732 1742 1833 1775 usu,
1877 1728 1950 1781 qui
1988 1726 2051 1768 Ol.
2083 1732 2119 1777 1,
2152 1732 2215 1769 97.
2248 1732 2310 1774 13,
2345 1731 2407 1769 30.

136 1800 187 1842 N.
219 1804 256 1851 7,
289 1804 353 1841 75.
391 1801 429 1842 J.
461 1805 498 1852 5,
531 1805 553 1842 7
587 1803 748 1850 exstat,
794 1801 969 1841 meliora
1008 1800 1224 1847 attulerit,
1261 1815 1388 1853 quam
1425 1814 1532 1854 quae
1571 1815 1610 1853 p.
1644 1803 1722 1841 104
1762 1800 1971 1841 animadv.
2013 1803 2031 1840 1
2074 1801 2253 1853 scripsit.
2313 1800 2412 1842 Non

138 1873 313 1914 meliora
342 1877 418 1915 aut
446 1873 733 1927 probabiliora
762 1872 811 1913 de
842 1873 1012 1914 nomine
1033 1870 1143 1920 Ἴλας
1172 1873 1287 1913 dicit.
1346 1871 1607 1914 Scholiastae
1637 1873 1749 1913 enim
1779 1887 1865 1913 uno
1897 1886 2107 1913 consensu
2137 1873 2336 1921 tradunt,
2370 1872 2413 1913 id

137 1960 293 1986 nomen
337 1946 494 1999 aliptae
526 1945 772 1998 Agesidami
813 1945 958 1986 fuisse.
1027 1946 1089 1986 De
1131 1944 1255 1986 ‚Jolao
1294 1944 1490 1985 Herculis
1527 1945 1662 1985 amico
1703 1959 1755 1986 ne
1798 1959 1891 1985 eam
1936 1945 2105 1997 quidem
2140 1945 2192 1985 ob
2241 1959 2413 1986 causam

139 2019 319 2071 cogitari
348 2020 512 2072 potest,
555 2019 693 2072 quod,
727 2019 759 2059 si
792 2019 895 2060 haec
927 2018 1151 2060 Schmidtii
1181 2017 1481 2069 interpretatio
1511 2031 1611 2057 vera
1641 2019 1775 2066 esset,
1816 2018 2009 2070 proximo
2049 2032 2175 2058 versu
2214 2020 2338 2070 poeta
2369 2032 2412 2058 se

140 2105 236 2132 cum
265 2090 449 2139 Achille,
482 2092 783 2144 Agesidamum
814 2106 909 2133 cum
939 2091 1137 2132 Patroclo
1170 2092 1446 2142 compararet.
1506 2088 1597 2130 Hac
1627 2092 1771 2130 autem
1801 2090 1934 2131 altera
1969 2089 2246 2131 similitudine
2276 2089 2412 2142 prima

138 2164 362 2206 tolleretur
392 2167 434 2204 et
465 2164 654 2204 narratio
683 2179 811 2218 quam
840 2165 1022 2205 maxime
1051 2164 1310 2205 turbaretur.
1370 2160 1451 2202 Sed
1481 2162 1607 2214 finge,
1639 2161 1810 2202 Jolaum
1835 2162 2029 2203 Herculis
2062 2163 2222 2203 socium
2250 2162 2410 2202 intelli-

140 2236 326 2288 gendum
356 2250 459 2277 esse.
518 2235 736 2283 Quomodo
768 2236 977 2278 Pindarus
1008 2238 1178 2290 poterat
1218 2248 1260 2275 30
1300 2234 1337 2275 ei
1380 2233 1600 2275 conferre?
1659 2233 1780 2282 Quod
1811 2234 2038 2276 Herculem
2076 2235 2319 2276 incitaverit
2360 2234 2412 2275 ad

140 2309 515 2362 redintegrandam
561 2311 780 2362 pugnam?
839 2308 1062 2363 Nusquam
1100 2322 1199 2349 vero
1239 2306 1288 2347 de
1334 2306 1410 2347 tali
1452 2306 1741 2347 admonitione
1777 2307 2008 2361 quidquam
2046 2308 2215 2360 legitur.
2274 2306 2412 2347 Semel

138 2382 241 2423 haec
267 2396 332 2423 res
355 2382 493 2423 obiter
517 2381 713 2437 tangitur
739 2397 762 2423 a
788 2382 1027 2431 scholiasta,
1060 2381 1188 2422 sedis
1214 2394 1303 2420 rem
1327 2379 1582 2420 contrariam
1613 2378 1728 2429 dicit,
1759 2394 1845 2420 non
1867 2379 2049 2428 Jolaum,
2083 2379 2155 2420 sed
2176 2379 2411 2420 Minervam

140 2455 363 2496 Herculem
401 2454 607 2495 excitasse
637 2454 689 2495 ad
718 2469 919 2507 pugnam.
979 2456 1038 2496 At
1076 2468 1178 2494 num
1213 2451 1440 2493 verisimile
1477 2454 1563 2500 est,
1599 2451 1710 2492 hanc
1740 2450 1915 2492 Pindari
1953 2452 2211 2492 sententiam
2249 2451 2409 2491 fuisse?

138 2527 229 2568 Imo
277 2527 405 2568 verba
444 2526 581 2581 τράπε
622 2528 668 2568 δὲ
712 2527 892 2569 Κύκνεια
936 2524 1050 2580 μάχα
1095 2527 1163 2567 καὶ
1199 2523 1404 2578 ὑπέρβιον
1438 2522 1638 2578 ίΗρακλέα
1683 2538 1735 2564 110
1781 2524 1928 2565 dicunt
1973 2524 2142 2577 quidem
2184 2523 2410 2564 Herculem

138 2602 353 2641 certamen
384 2613 621 2640 renovasse.
673 2599 722 2640 Id
745 2600 781 2640 si
802 2599 1012 2641 Pindarus
1040 2598 1190 2654 ¹docere
1220 2596 1439 2647 voluisset,
1469 2596 1697 2637 verisimile
1728 2599 1806 2643 031,
1837 2611 1933 2637 011111
1962 2611 2049 2637 11011
2078 2597 2122 2636 111
2152 2595 2408 2638 contrariam

137 2676 304 2727 partem
333 2672 383 2713 de
412 2670 517 2725 fuya
540 2671 736 2713 Herculis
767 2672 981 2714 dicturum
1010 2671 1155 2712 fuisse.
1214 2669 1296 2711 Sed
1322 2673 1371 2711 ut
1392 2669 1472 2711 hoc
1495 2670 1637 2722 ipsum
1659 2668 1926 2719 concedatur,
1958 2667 2191 2709 Pindarum
2211 2668 2408 2720 tetigisse

138 2747 386 2786 renovatam
416 2743 611 2785 Herculis
642 2758 736 2785 cum
766 2743 906 2797 Cycno
937 2758 1140 2798 pugnam,
1171 2742 1381 2796 quomodo
1411 2742 1454 2782 id
1485 2741 1682 2795 congruit
1713 2755 1808 2781 cum
1837 2741 2052 2794 praesenti
2081 2754 2220 2789 causa,
2250 2740 2295 2779 in
2325 2754 2409 2793 qua

140 2833 225 2859 non
243 2817 380 2859 clades
399 2816 646 2870 Agesidami
675 2817 853 2858 dolenda
885 2819 989 2866 erat,
1021 2815 1093 2856 sed
1124 2814 1466 2868 splendidissima
1504 2813 1683 2855 victoria
1713 2811 1932 2866 Olympiae
1963 2815 2180 2866 reportata
2208 2811 2335 2852 fidem
2365 2815 2408 2853 et

139 2904 257 2944 spem
285 2889 537 2943 praebebat,
574 2904 670 2930 eum
700 2889 977 2930 redeuntibus
1007 2888 1117 2929 ludis
1147 2888 1304 2929 iterum
1333 2887 1540 2928 victorem
1569 2901 1591 2927 0
1621 2885 1852 2927 certamine
1881 2885 2151 2939 proditurum
2184 2885 2304 2925 esse?
2349 2884 2408 2925 At

138 2963 313 3005 omnino
335 2962 385 3003 de
408 2964 632 3015 poetarum
655 2961 1026 3003 adhortationibus
1050 2960 1240 3002 hocloco
1266 2974 1502 3001 sermonem
1522 2973 1609 3000 non
1633 2972 1737 3006 0330,
1770 2957 2053 2999 Schmidtium
2073 2970 2220 2998 versus
2241 2958 2406 2997 20—23

141 3035 289 3077 docere
310 3037 525 3088 poterant,
556 3034 629 3087 qui
657 3034 896 3075 necessario
927 3034 979 3075 ad
1009 3033 1185 3086 aliptam
1214 3033 1375 3074 bonum
1405 3034 1447 3072 et
1477 3031 1713 3084 palaestrae
1742 3031 1907 3071 labores
1937 3029 2146 3071 referendi
2175 3030 2290 3077 sunt,
2320 3041 2407 3068 nou

142 3107 195 3148 ad
223 3110 447 3160 poet-arum
478 3109 613 3148 artem
643 3110 719 3149 aut
748 3108 834 3148 vim
864 3107 1112 3149 carminum.
1169 3103 1584 3158 Comprehendamus
1615 3102 1794 3156 denique
1823 3103 2069 3144 universum
2099 3099 2320 3143 Schmidtii
2357 3098 2408 3140 de
