2724 3518
1240 199 1299 243 15

131 341 174 379 et
204 337 260 389 2).
318 337 361 378 Is
393 351 491 378 vero
521 351 653 391 quum
677 336 872 379 Chironis
903 338 1121 391 praecepti
1152 351 1314 378 memor
1343 337 1412 386 sit,
1444 336 1682 377 reverentia
1708 336 1886 377 deorum
1908 337 2103 389 insignis,
2134 352 2220 379 non
2245 339 2409 379 minore

128 410 290 464 pietate
321 424 423 463 erga
452 412 617 463 patrem
648 411 727 459 est,
760 408 867 461 (Str.
891 413 934 459 3)
966 410 1116 451 similis
1143 409 1377 458 Antilochi,
1403 408 1576 461 juvenis
1599 408 1867 458 nobilissimi,
1898 409 1971 462 qui
2004 424 2134 462 quum
2165 424 2241 463 pro
2270 412 2404 463 patris

131 482 268 523 salute
303 484 485 522 mortem
525 482 775 523 occumbere
814 496 901 523 non
941 482 1246 531 recusavisset,
1286 480 1553 522 luculentum
1583 480 1757 534 pietatis
1788 481 2001 534 specimen
2040 485 2082 522 et
2111 482 2201 534 ipse
2233 482 2405 523 dederat

130 554 282 608 priscis
319 553 584 607 temporibus
627 552 730 606 (Str.
761 558 787 595 4
818 557 860 595 et
891 554 946 606 5).
1007 554 1300 606 Thrasybulus
1343 555 1486 594 autem
1523 553 1659 606 patris
1698 555 1741 593 et
1780 554 1923 606 patrui
1964 553 2175 594 virtutum
2215 554 2406 594 aemulus

131 627 292 668 divitiis
322 626 555 679 prudenter
584 626 742 676 utitur,
770 626 1014 679 juventutis
1045 626 1147 666 flore
1180 640 1267 666 non
1297 626 1491 675 abutens,
1522 624 1657 666 Musis
1689 624 1877 675 deditus,
1916 629 1958 666 et
1988 627 2170 666 maxime
2200 625 2405 679 Neptuno

131 699 435 741 certaminibus
457 699 674 740 curulibus
701 698 887 747 fax-cuth
918 714 997 740 nec
1021 713 1107 739 non
1130 698 1325 751 splendet
1347 699 1548 739 comitate
1571 700 1613 738 et
1635 697 1904 738 humanitate
1925 698 1970 738 in
1990 699 2195 740 conviviis
2222 698 2325 751 (Str.
2348 700 2406 749 6).

352 770 577 812 Connexus
615 771 750 824 igitur
788 771 1098 812 sententiarum
1137 785 1265 824 quam
1307 771 1646 824 simplicissimus
1687 772 1773 818 est3
1815 769 1864 810 de
1896 770 2077 823 singulis
2118 773 2261 811 autem
2300 771 2404 812 locis

129 842 462 897 interpretandis
486 843 538 883 lis
568 843 707 884 adhuc
738 844 816 883 sub
843 842 985 896 judice
1014 846 1222 883 versatur.
1282 841 1420 890 Quare
1448 843 1699 896 priusquam
1729 842 1781 883 ad
1808 841 2092 883 Schmidtium
2122 844 2404 892 transeamus,

128 931 263 970 pauca
292 915 607 968 pra-emittenda
638 919 751 956 sunt.
810 916 952 969 Atque
984 915 1032 956 de
1063 915 1210 967 primis
1241 915 1412 969 quidem
1443 916 1633 956 versibus
1663 915 1886 956 Dissenius
1918 915 2070 956 merito
2098 914 2273 968 judicat,
2305 929 2407 956 arva

128 988 307 1029 Veneris
347 990 389 1028 et
429 1002 529 1028 arva
562 988 808 1029 Gratiarum
846 988 1034 1028 diversas
1066 1002 1131 1028 res
1171 1002 1283 1036 esse3
1326 988 1369 1028 id
1398 987 1670 1040 Hartungius
1700 1001 1784 1028 non
1819 987 2000 1027 debebat
2030 1001 2199 1039 negare.
2257 986 2405 1040 Neque

129 1063 272 1102 tamen
303 1059 491 1100 Dissenii
522 1060 923 1114 interpretationem
952 1060 1182 1113 probamus
1214 1060 1393 1101 dicentis
1423 1060 1679 1113 particulam
1708 1058 1734 1116 ἤ
1764 1074 1842 1113 pro
1866 1059 1952 1099 sive
1981 1060 2269 1113 accipiendam
2293 1073 2406 1100 esse:

130 1134 238 1183 „hoc
259 1133 373 1173 enim
395 1148 565 1174 carmen
588 1133 676 1174 sive
695 1133 950 1173 amatorium
969 1133 1056 1173 sive
1074 1133 1304 1186 epinicium
1325 1133 1549 1186 appellari;
1577 1146 1667 1172 esse
1688 1145 1786 1172 vero
1806 1131 2116 1185 quodammodo
2135 1133 2406 1186 utrumque.“

129 1206 265 1247 Immo
297 1209 424 1259 poeta
451 1206 589 1246 forma
618 1205 872 1258 imperativa
902 1203 1105 1246 ἀκούσατε
1134 1205 1345 1258 postulat,
1386 1209 1434 1245 ut
1475 1219 1620 1245 omnes
1663 1204 1744 1244 sibi
1783 1206 1974 1245 attentas
2006 1218 2127 1244 aures
2157 1205 2404 1257 praebeant,

128 1278 286 1332 quippe
309 1292 440 1331 quum
465 1293 630 1332 semper
655 1281 729 1318 aut
753 1291 937 1318 amorem
961 1280 1035 1318 aut
1051 1277 1234 1331 gloriam
1252 1278 1488 1331 praedicet;
1519 1278 1700 1331 gloriam
1725 1290 1823 1317 vero
1844 1279 1951 1325 tum,
1983 1291 2115 1330 quum
2139 1277 2190 1317 ad
2216 1276 2406 1330 Delphos

128 1351 323 1398 accedat;
356 1365 520 1404 semper
550 1350 684 1403 igitur
713 1350 952 1403 praeclaras
982 1364 1050 1391 res
1080 1350 1236 1391 laudet.

353 1423 405 1464 In
434 1424 485 1464 iis
515 1438 622 1476 quae
654 1424 891 1476 sequuntur
922 1422 1060 1464 variat
1089 1423 1391 1477 interpretatio
1415 1423 1641 1463 verborum
1672 1422 1838 1474 ἑτοῖμος
1869 1416 2013 1474 ὓμνων
2042 1421 2271 1479 θησαυρός,
2302 1435 2408 1474 quae

128 1510 217 1537 non
248 1510 344 1536 cum
375 1496 548 1537 scholiis
578 1500 620 1536 et
651 1494 866 1536 Boeckhio
898 1495 950 1536 ad
981 1495 1061 1536 hoc
1088 1511 1256 1536 carmen
1288 1495 1508 1536 referenda
1540 1510 1631 1536 esse
1661 1496 1776 1536 inter·
1808 1509 1953 1536 omnes
1983 1495 2242 1537 recentiores
2272 1495 2407 1535 inter-

133 1572 276 1622 pretes
309 1571 491 1609 constat.
549 1566 697 1621 Neque
734 1582 834 1608 vero
866 1567 1018 1608 Tafelii
1056 1571 1130 1608 aut
1162 1568 1350 1609 Dissenii
1387 1568 1686 1621 interpretatio
1718 1568 1871 1620 placet.
1930 1568 2063 1609 Recte
2094 1568 2204 1608 enim
2237 1566 2407 1607 Friede-

129 1640 312 1682 richsius
345 1644 387 1681 et
418 1639 680 1681 Schmidtius
711 1640 864 1681 docent
894 1640 1104 1681 aerarium
1134 1641 1368 1682 multorum
1399 1641 1636 1682 carminum
1675 1640 1908 1693 designari3
1950 1654 2205 1693 quamquam
2237 1639 2407 1679 Friede-

130 1713 312 1754 richsius
342 1713 385 1753 in
416 1712 497 1753 hoc
527 1712 694 1752 videt-ur
725 1727 876 1761 errare,
907 1713 1019 1766 quod
1050 1713 1099 1754 de
1130 1713 1329 1755 universa
1359 1713 1634 1754 multitudine
1677 1727 1824 1753 eorum
1855 1713 2092 1754 carminum
2131 1711 2409 1764 epiniciorum

132 1786 307 1839 cogitat.
339 1785 494 1838 quibus
524 1785 560 1825 is
591 1785 722 1833 locus,
753 1799 836 1838 quo
856 1785 1034 1826 victoria
1062 1789 1181 1836 parta
1209 1786 1278 1837 sit,
1310 1787 1491 1826 resonet.
1552 1784 1599 1825 Id
1631 1785 1802 1838 quidem
1831 1800 1979 1826 verum
2010 1800 2100 1826 esse
2131 1798 2218 1824 non
2249 1787 2406 1837 potest,

130 1872 261 1911 quum
301 1856 563 1898 Xenocrates
604 1857 747 1910 ejusve
786 1858 967 1911 majores
1007 1858 1197 1898 nondum
1236 1858 1383 1899 multis
1423 1858 1682 1899 carminibus
1721 1858 1912 1911 epiniciis
1952 1857 2129 1910 Delphis
2179 1855 2410 1909 praedicati

131 1930 230 1971 sint.
291 1929 400 1978 Quid
437 1930 601 1971 multa?
648 1930 815 1982 ἑτοῖμος
858 1930 1000 1983 {iurum
1039 1930 1254 1987 θησαυρός
1290 1931 1376 1971 tale
1417 1930 1627 1971 aerarium
1669 1934 1755 1979 est,
1795 1930 1907 1971 unde
1937 1944 2187 1983 quocunque
2217 1932 2410 1982 tempore

132 2003 319 2044 carmina
359 2003 524 2044 demere
563 2003 714 2056 possis.
772 2003 921 2057 Ipsum
962 2018 1060 2044 vero
1100 2003 1310 2044 aerarium
1346 2018 1434 2044 non
1474 2003 1732 2044 carminibus
1763 2005 1952 2051 constat,
1993 2002 2065 2042 sed
2104 2002 2226 2042 rebus
2264 2001 2410 2042 lauda-

131 2076 276 2117 biliter
305 2075 463 2129 gestis,
505 2089 611 2128 quae
648 2075 759 2116 sicut
795 2076 897 2117 haec
927 2076 1107 2117 victoria
1137 2080 1288 2129 poetae
1326 2076 1491 2128 largam
1520 2075 1744 2116 materiam
1785 2075 1836 2116 ad
1865 2075 2035 2115 laudem
2064 2074 2410 2115 Emmenidarum

131 2149 365 2191 canendam
401 2149 620 2202 praebent.
678 2148 794 2196 Quae
833 2162 939 2202 gaza
977 2152 1152 2190 aeterna
1190 2152 1232 2189 et
1272 2148 1473 2202 perennis
1513 2151 1590 2189 est.
1649 2147 1859 2196 Quamdiu
1891 2147 2004 2188 enim
2033 2147 2152 2188 locus
2192 2147 2281 2195 ille,
2325 2160 2408 2200 quo

133 2221 313 2263 victoria-
341 2223 466 2274 parta
495 2223 580 2269 est,
619 2221 822 2262 immotus
853 2224 1012 2270 manet,
1043 2221 1209 2262 tamdiu
1240 2221 1278 2262 ei
1306 2221 1510 2262 memoria
1539 2221 1743 2262 victoriae
1775 2224 1817 2262 et
1847 2221 1941 2273 ipsa
1971 2220 2062 2260 loco
2094 2220 2177 2260 fixa
2206 2219 2411 2259 inhaeret.

361 2293 442 2335 Sed
489 2294 571 2335 alia
610 2309 735 2347 super
773 2294 899 2335 aliam
936 2294 1238 2335 difficultatem
1280 2293 1418 2334 oritur
1466 2293 1511 2334 in
1552 2293 1633 2334 hoc
1673 2293 1827 2346 pusillo
1866 2293 2063 2334 carmine.
2130 2291 2242 2332 Nam
2280 2306 2317 2331 r.
2360 2294 2411 2331 14

139 2381 275 2420 neque
320 2366 581 2420 τυπτόμενοι
626 2381 765 2420 neque
813 2366 1099 2419 τυπτόμενος,
1152 2380 1334 2420 quorum
1380 2368 1610 2418 utrumque
1660 2366 1813 2419 optimi
1860 2365 2023 2406 codices
2064 2368 2259 2412 tuentur,
2311 2363 2412 2404 ferri

138 2442 303 2493 potest3
345 2439 563 2480 Boeckhio
594 2439 706 2480 enim
737 2439 1070 2481 Friederichsius
1109 2440 1216 2480 bene
1256 2438 1479 2491 respondit
1518 2438 1567 2479 de
1597 2438 1767 2491 passivo
1808 2452 1936 2479 sensu
1976 2437 2157 2490 cogitari
2194 2437 2286 2477 ideo
2325 2450 2411 2476 11011

138 2526 276 2566 posse,
309 2512 420 2564 quod
450 2527 538 2553 non
567 2513 686 2553 venti
714 2513 974 2563 tundantur,
1014 2512 1087 2553 sed
1117 2512 1281 2565 glarea3
1313 2513 1460 2551 tamen
1488 2510 1823 2552 Friederichsius
1853 2512 1896 2550 et
1925 2513 2016 2563 ipse
2049 2523 2144 2550 cum
2176 2508 2337 2550 Tafelio
2371 2512 2413 2549 et

137 2583 419 2625 Mommsenio
461 2600 485 2626 a
522 2599 622 2626 vero
659 2585 830 2626 aberrat
869 2584 1132 2626 contendens
1170 2583 1251 2625 hoc
1287 2583 1380 2624 loco
1418 2583 1601 2625 mediam
1630 2583 1811 2624 formam
1850 2596 1928 2636 pro
1967 2581 2106 2623 activa
2145 2586 2194 2622 ut
2233 2596 2358 2634 saepe
2388 2596 2412 2622 a

138 2656 325 2699 Pindaro
363 2657 564 2699 adhiberi.
623 2657 742 2706 Quod
773 2658 887 2699 enim
916 2657 1224 2698 Mommsenius
1264 2655 1317 2696 ad
1347 2654 1393 2696 P.
1426 2659 1462 2706 1,
1494 2659 1548 2698 24
1578 2650 1690 2710 φλόξ
1719 2656 1994 2707 κυλινδομένα
2025 2657 2248 2707 provocat,
2287 2667 2409 2706 pror-

140 2745 212 2772 sus
243 2730 326 2772 alia
355 2745 421 2772 res
452 2733 528 2771 est.
586 2729 698 2771 Nam
726 2732 1002 2773 κυλίνδεσθαι
1027 2729 1123 2781 jure
1153 2727 1325 2781 quidem
1361 2729 1500 2770 medio
1530 2728 1677 2782 generi
1707 2727 1825 2769 verbi
1855 2726 2124 2775 adscribitur,
2156 2726 2267 2778 quod
2299 2725 2338 2765 ei
2368 2727 2411 2766 et

139 2803 279 2845 activa
307 2806 351 2844 et
379 2803 551 2857 passiva
589 2803 846 2857 significatio
884 2803 1019 2852 inest3
1061 2805 1105 2843 at
1142 2801 1304 2842 formae
1341 2801 1587 2842 τύπτεσθαι
1624 2800 1713 2841 sola
1742 2799 1954 2852 posterior
1988 2799 2194 2839 inhaeret.
2257 2796 2414 2845 Quidni

139 2880 390 2931 τυπτομένῳ
415 2875 638 2917 scribimus
662 2876 889 2917 observato
912 2876 1083 2916 vetusto
1109 2874 1331 2914 literarum
1353 2873 1613 2915 Graecarum
1644 2887 1736 2923 usu,
1768 2886 1851 2925 quo
1882 2871 2048 2913 voca-les
2079 2887 2101 2911 0
2133 2873 2174 2911 et
2205 2887 2236 2911 ω
2267 2869 2412 2911 eadem

138 2949 265 2990 litera
287 2946 670 3000 sc1·ibebantur‘?*)
727 2947 878 3002 Neque
909 2962 1018 3002 opus
1048 2949 1113 2988 est
1141 2960 1235 2988 eam
1258 2946 1311 2986 ob
1332 2960 1422 2986 rem
1445 2961 1541 2987 cum
1563 2945 1703 2998 Etym.
1725 2944 1781 2985 M.
1802 2943 1946 2996 χεράὸι
1975 2944 2019 2984 in
2043 2942 2213 2996 χεράδει
2233 2944 2411 2990 mutare,

365 3111 398 3154 ²²)
425 3110 468 3145 cf.
495 3109 628 3151 Christ,
654 3108 732 3144 fiber
755 3108 804 3144 bie
830 3108 933 3151 &Iteste
957 3107 1311 3151 ‘zertessiffierliefemng
1336 3105 1392 3141 be&
1416 3105 1552 3140 Pindar
1576 3104 1708 3140 Philol.
1735 3104 1790 3147 25,
1815 3105 1848 3138 4.
