2724 3518
1321 159 1380 204 34

214 298 548 354 perspiciendam
579 297 702 338 odam
733 296 906 336 maximi
936 298 1142 337 momenti
1173 300 1250 347 est,
1283 311 1318 337 V.
1350 298 1402 338 43
1437 296 1544 346 dico,
1583 298 1752 337 tantam
1782 296 2011 349 caliginem
2043 296 2272 338 obductam
2302 311 2406 347 esse,
2438 297 2487 336 ut

215 372 285 412 vix
317 370 572 424 sperandum
603 368 672 418 sit,
704 383 890 422 unquam
922 369 981 409 rei
1014 370 1216 410 obscurae
1247 384 1401 411 novam
1431 369 1567 410 lucem
1598 368 1776 409 allatuin
1802 369 1867 409 iri.
1932 368 2014 410 Sed
2038 369 2073 409 si
2098 369 2342 410 universam
2365 369 2488 410 odam

216 447 398 497 spectas,
434 443 536 483 haec
566 455 708 480 rerum
739 440 889 481 divisio
921 441 1086 482 videtur
1118 456 1230 482 esse:

585 549 768 669 9039»)
800 553 855 599 ÷
893 555 914 638 9
951 551 1077 635 (κατὰ
1109 554 1164 601 -Ι-
1195 556 1245 594 29
1279 552 1427 607 (ομᾳ)
1458 553 1514 600 -Ι-
1544 555 1566 639 9
1599 550 1733 605 (μετ-1
1773 553 1828 601 -Ι-
1869 555 1919 595 14
1951 555 2105 608 (σφω.

436 731 555 788 Ἀρχά
585 735 628 774 et
661 738 837 788 σφραγίς
865 734 1049 775 victores
1080 734 1346 787 praedicant,
1384 734 1627 787 κατατροῑζά
1668 737 1711 775 et
1747 731 2101 788 μετακατατροπά
2141 733 2283 784 gentis
2321 732 2489 773 laudem

213 805 450 855 continent,
483 805 629 846 fabula
659 805 914 859 interposita
945 805 1239 856 Aeacidarum,
1271 810 1495 848 auctorum
1527 807 1683 860 gentis,
1714 821 1781 847 res
1810 807 1970 846 narrat.

435 877 498 917 De
529 876 765 920 Schmidtio
796 879 935 919 brevis
967 893 1057 927 ero,
1095 893 1226 931 quum
1257 879 1643 921 Rauchensteinius
1674 880 1699 919 l.
1730 879 1755 920 1.
1788 880 2029 919 commenta
2059 877 2150 931 ejus
2181 877 2342 931 optime
2374 876 2489 917 refu-

212 949 380 991 taverit.
451 948 565 990 Satis
609 950 665 991 sit
710 951 968 992 sententiam
1008 950 1121 990 illius
1163 951 1351 993 breviter
1390 966 1599 993 narrasse.
1665 951 1904 992 Contemtis
1947 949 2140 1000 scholiis,
2183 964 2291 1003 quae
2331 949 2490 990 diserte

213 1022 381 1071 dicunt,
416 1021 732 1075 Euthymenem
763 1023 1011 1064 Isthmicam
1042 1023 1265 1065 victoriam
1304 1027 1564 1078 reportasse,
1605 1022 1889 1073 SchmidtiuS,
1932 1022 2026 1075 qui,
2064 1025 2114 1063 ut
2144 1021 2319 1075 Bergkii
2349 1022 2489 1062 verbis

213 1096 330 1144 utar,
370 1108 545 1147 prorsus
576 1094 837 1136 incredibilia
867 1095 916 1136 de
956 1095 1036 1136 hoc
1067 1098 1254 1137 carmine
1284 1097 1328 1137 in
1361 1096 1546 1138 medium
1576 1096 1763 1150 profert,
1803 1098 1969 1144 censet,
2009 1094 2120 1136 hanc
2152 1094 2275 1135 odam
2305 1094 2491 1148 intelligi

211 1182 298 1208 non
329 1181 475 1220 posse,
514 1167 597 1207 nisi
638 1170 825 1216 statuas,
866 1166 1182 1220 Euthymenem
1212 1169 1432 1211 victoriam
1463 1169 1715 1210 Isthmicam
1756 1167 2017 1221 appetivisse
2057 1167 2249 1221 quidem,
2290 1167 2362 1207 sed
2402 1181 2490 1207 non

213 1242 458 1280 assecutum
499 1254 602 1281 esse.
667 1239 914 1281 Extremam
954 1240 1154 1281 carminis
1192 1244 1360 1295 partem
1400 1257 1423 1283 a
1461 1256 1585 1282 versu
1618 1245 1671 1283 40
1710 1255 1844 1294 usque
1883 1241 1935 1281 ad
1961 1240 2090 1281 finem
2121 1239 2212 1293 ejus
2243 1239 2491 1281 consolandi

211 1326 340 1353 causa
369 1311 556 1352 additam
587 1327 690 1353 esse.
759 1311 898 1360 Quum
929 1313 1042 1353 0111111
1073 1328 1242 1355 carmen
1284 1330 1371 1356 non
1401 1315 1445 1355 in
1474 1315 1644 1368 publico
1675 1313 1913 1355 canendum
1943 1313 2095 1362 fuerit,
2137 1312 2210 1353 sed
2240 1312 2285 1352 in
2316 1312 2490 1353 aedibus

212 1384 385 1424 victoris
417 1384 522 1437 ipsis
550 1387 592 1424 et
615 1387 801 1438 angusto
828 1385 1053 1438 gentilium
1076 1386 1246 1437 circulo,
1276 1389 1545 1441 postulatum
1576 1402 1667 1429 esse
1698 1403 1722 1428 a
1740 1388 1879 1440 poeta,
1911 1388 1960 1426 ut
1983 1385 2121 1427 clades
2145 1385 2218 1426 illa
2238 1399 2292 1426 ne
2319 1384 2490 1426 silentio

213 1456 520 1510 praeteriretur
552 1456 615 1508 (l).
674 1457 846 1498 Versari
884 1458 1018 1510 igitur
1049 1473 1257 1501 summam
1300 1461 1500 1502 carminis
1530 1461 1575 1501 111
1607 1476 1678 1510 eo,
1720 1462 1768 1501 ut
1798 1459 1977 1500 victoria
2016 1459 2130 1500 clara
2162 1472 2262 1499 voce
2302 1457 2492 1499 canenda

215 1529 258 1569 in
292 1544 424 1569 unum
455 1529 745 1582 conjungatur
775 1545 870 1570 cum
901 1531 1019 1571 tristi
1049 1532 1177 1573 clade.
1243 1533 1292 1574 Id
1322 1536 1493 1587 poetam
1523 1534 1585 1574 ita
1616 1534 1794 1582 efficere,
1825 1535 1874 1573 ut
1904 1532 2050 1573 eodem
2081 1531 2272 1580 consilio,
2304 1530 2416 1583 quod
2444 1531 2490 1571 in

217 1601 402 1642 carmine
436 1599 656 1654 Olympico
685 1601 746 1642 XI
780 1602 1046 1644 instituendo
1078 1608 1249 1646 secutus
1281 1606 1350 1656 sit,
1380 1609 1542 1646 utatur.
1600 1606 1721 1646 Illius
1752 1620 1852 1646 vero
1882 1605 2083 1647 carminis
2115 1604 2196 1645 1100
2228 1603 2491 1644 simillimum

215 1687 305 1714 esse
342 1673 490 1714 multis
530 1675 728 1715 numeris.
788 1675 845 1715 Ut.
877 1676 989 1716 enim
1020 1679 1148 1729 poeta
1183 1678 1243 1718 ibi
1273 1679 1425 1731 majori
1455 1679 1642 1727 fabulae,
1682 1692 1789 1732 quae
1827 1693 1893 1719 res
1924 1677 2100 1719 victoris
2138 1691 2293 1731 parum
2322 1679 2491 1728 tangat,

215 1745 422 1786 minorem
453 1746 688 1788 arctissime
720 1761 816 1788 cum
847 1747 897 1788 iis
929 1748 1227 1790 cohaerentem
1257 1752 1536 1804 praemiserit,
1569 1752 1631 1793 ita
1661 1751 1705 1792 in
1737 1751 1818 1791 1100
1841 1751 2027 1792 carmine
2057 1750 2246 1791 fabulam
2271 1749 2321 1790 de
2351 1748 2491 1789 tribus

213 1817 409 1858 Aeacidis
450 1833 474 1858 a
504 1818 619 1859 Pelei
656 1819 779 1860 laude
820 1820 1128 1873 sejungendam
1166 1837 1268 1864 esse.
1343 1823 1422 1864 Illa
1460 1825 1572 1864 enim
1614 1828 1836 1877 tamquam
1875 1824 2067 1877 exemplo
2108 1825 2280 1876 poetam
2316 1821 2400 1870 uti,
2442 1822 2492 1861 ut

215 1889 387 1939 doceat,
429 1893 592 1943 quanta
623 1891 701 1931 sibi
733 1907 800 1932 ars
832 1892 888 1933 sit
918 1895 961 1933 et
990 1894 1124 1935 laetas
1157 1910 1222 1935 res
1253 1896 1365 1937 laeto
1395 1897 1500 1938 lucis
1533 1896 1756 1950 splendore
1787 1896 2031 1937 illustrandi
2061 1899 2104 1936 et
2131 1896 2333 1936 obscuras
2363 1896 2492 1947 atque

216 1962 363 2003 tristes
397 1963 567 2003 silentio
606 1963 791 2015 tegendi.
851 1965 1049 2006 Profiteri
1087 1967 1222 2020 igitur
1259 1972 1429 2022 poetam
1467 1985 1504 2010 v.
1538 1972 1712 2019 1—21,
1755 1983 1798 2009 se
1837 1968 2083 2010 satisfacere
2121 1981 2245 2021 posse
2283 1965 2493 2019 Lamponi

216 2034 476 2088 postulanti,
518 2037 565 2075 ut
596 2036 725 2076 cladis
756 2036 1041 2091 Euthymenis
1073 2041 1234 2081 mentio
1265 2041 1361 2091 fiat,
1400 2057 1536 2095 neque
1567 2046 1711 2083 tamen
1742 2041 1932 2094 Pytheae
1969 2040 2139 2082 laudem
2168 2039 2491 2094 angustioribus

217 2106 372 2147 finibus
415 2107 630 2148 includere
672 2109 778 2161 cogi.
849 2109 1085 2165 Postquam
1124 2127 1253 2166 supra
1292 2114 1577 2164 ostendimus,
1623 2114 1835 2168 quomodo
1883 2113 1999 2167 prior
2040 2114 2209 2154 fabulae
2252 2126 2350 2166 pars
2396 2125 2490 2152 cum

216 2179 453 2233 posteriore
484 2179 718 2230 cohaereat,
750 2197 837 2223 non
865 2183 953 2235 jani
986 2199 1092 2237 opus
1124 2185 1217 2234 erit,
1249 2186 1352 2226 haec
1383 2187 1519 2227 fusius
1552 2187 1754 2228 refellere.
1816 2185 1915 2226 Non
1947 2186 2088 2226 minus
2122 2186 2236 2226 enim
2268 2183 2493 2225 arbitraria

216 2252 320 2293 haec
358 2252 670 2304 interpretandi
708 2255 816 2295 ratio
856 2258 940 2304 est,
982 2271 1110 2309 quam
1148 2258 1192 2297 in
1233 2259 1479 2310 exponendo
1519 2261 1707 2301 carmine
1739 2258 1803 2300 Ol.
1833 2258 1895 2299 XI
1934 2258 2138 2299 adhibita.
2206 2257 2317 2299 Nam
2351 2271 2404 2297 110
2434 2255 2493 2296 ibi

214 2324 385 2378 quidem
431 2324 537 2365 duae
580 2325 748 2367 fabulae
792 2327 869 2367 sibi
912 2332 1211 2382 opponuntur:
1260 2331 1332 2371 sed
1367 2334 1416 2372 ut
1455 2335 1548 2373 toto
1596 2333 1667 2374 illo
1715 2332 1902 2373 carmine
1942 2331 2138 2381 docetur,
2182 2331 2272 2371 sine
2315 2328 2492 2370 summis

214 2397 431 2438 laboribus
471 2397 672 2438 victoriae
710 2400 944 2451 praemium
981 2401 1142 2442 nemini
1179 2405 1447 2455 contingere,
1491 2405 1575 2445 imo
1607 2420 1660 2446 ne
1692 2404 1867 2446 Herculi
1905 2403 2076 2456 quidem
2115 2404 2199 2457 ipsi
2245 2401 2492 2454 contigisse,

216 2469 337 2511 Jovis
369 2469 468 2519 filio,
498 2470 570 2523 qui
601 2484 725 2523 aegre
754 2474 796 2511 et
827 2472 943 2514 clade
972 2489 996 2514 a
1025 2472 1282 2516 Molionibus
1313 2477 1430 2529 prius
1465 2477 1651 2519 afflictus
1683 2477 1733 2518 de
1762 2477 1913 2530 Augea
1943 2477 2165 2518 victoriam
2193 2474 2491 2529 reportaverit,

216 2543 277 2583 ita
306 2542 378 2583 illa
406 2542 606 2583 carminis
638 2546 781 2596 parte,
820 2559 903 2597 qua
935 2547 1168 2587 transitum
1198 2547 1302 2589 facit
1328 2549 1380 2590 ad
1410 2550 1678 2600 umbilicum,
1710 2552 1838 2603 poeta
1875 2550 1917 2589 in
1959 2549 2175 2590 laboribus
2206 2546 2492 2589 describendis

218 2616 414 2655 versatus
448 2613 635 2667 ejusdem
655 2616 851 2658 Herculis
880 2632 975 2658 cuin
993 2618 1134 2671 Cycno
1166 2635 1336 2673 pugnae
1359 2622 1620 2663 mentionem
1651 2622 1766 2663 fecit.
1828 2621 2088 2663 Schmidtius
2107 2635 2206 2662 vero
2228 2635 2315 2661 non
2340 2622 2492 2673 poetae

220 2686 456 2727 sententias
489 2689 726 2740 exquirens,
758 2689 829 2730 sed
861 2690 948 2729 suis
979 2692 1231 2732 commentis
1262 2694 1398 2746 magis
1429 2694 1679 2744 delectatus,
1711 2697 1759 2735 ut
1790 2709 1878 2735 rem
1909 2709 1933 2735 a
1959 2694 2145 2736 carmine
2175 2693 2490 2741 alienissimam,

220 2772 344 2811 quam
374 2758 465 2812 ipse
495 2759 775 2812 excogitavit,
814 2761 955 2815 aliqua
985 2764 1073 2804 veri
1108 2765 1247 2817 specie
1277 2765 1494 2816 indueret,
1526 2767 1666 2808 verbis
1697 2769 1848 2820 poetae
1890 2767 2042 2808 misere
2079 2767 2238 2808 luxatis
2281 2768 2323 2806 et
2362 2765 2490 2806 tortis

219 2829 335 2870 illam
363 2831 587 2882 primariae
626 2834 669 2872 et
708 2834 979 2876 secundariae
1020 2836 1189 2877 fabulae
1228 2837 1437 2879 rationem
1477 2853 1698 2892 perperam
1738 2842 1888 2892 poetae
1929 2839 2154 2893 injungere
2197 2842 2375 2881 conatus
2414 2840 2490 2879 est.

220 2901 337 2942 Idem
373 2903 416 2943 in
455 2903 534 2945 hoc
573 2905 756 2945 carmine
795 2905 911 2948 facit.
981 2907 1041 2948 Ut
1082 2909 1195 2949 enim
1234 2924 1391 2951 novum
1428 2912 1651 2952 inventum
1691 2912 1912 2962 defendat,
1961 2912 2014 2953 ad
2053 2912 2166 2953 aliud
2203 2913 2490 2953 commentum

220 2977 434 3027 provocat.
501 2976 565 3016 En
601 2977 789 3030 jucunda
829 2979 1142 3033 interpretandi
1180 2982 1310 3022 ratio!
1380 2982 1461 3024 Sed
1507 2998 1637 3037 quum
1679 2985 1804 3038 pleno
1839 2999 1911 3026 ore
1957 2985 2207 3035 contendat,
2257 2987 2490 3025 extremam

222 3046 419 3087 carminis
449 3051 615 3100 partein
645 3049 754 3092 hanc
785 3051 945 3093 exordii
976 3052 1378 3106 interpretationem
1409 3055 1612 3108 probare,
1649 3056 1739 3110 jam
1769 3071 1874 3109 opus
1905 3058 1985 3098 erit
2016 3072 2065 3098 ea
2094 3057 2261 3107 audire,
2300 3070 2408 3110 quae
2439 3056 2490 3097 de
