2724 3518
1253 192 1313 237 23

142 327 181 369 Χ
214 329 287 368 693
318 326 380 368 ἄν’
412 326 593 370 ἵπποισί
617 342 664 369 τε
693 331 889 381 τέτρασιν
927 327 974 368 Ρ.
1003 328 1066 370 VI
1097 332 1148 370 17
1180 327 1354 378 εὔδοξον
1383 323 1536 382 ἅρματι
1565 334 1694 373 νίκαν.
1756 330 1915 379 Quodsi
1946 334 2093 388 objicit
2123 335 2190 376 his
2222 336 2323 378 locis
2361 338 2413 380 de

140 400 329 442 victoriis
369 414 607 441 sermonem
636 414 748 450 esse,
789 403 838 441 ut
866 414 991 441 nemo
1021 401 1216 442 dubitare
1245 402 1405 455 possit,
1446 402 1590 456 quales
1621 403 1719 456 equi
1749 404 2067 457 significentur,
2106 410 2151 448 at
2180 408 2226 448 in
2255 423 2412 464 pompa

139 472 352 514 victoriali
381 471 526 513 eadem
556 486 623 513 res
653 474 730 513 est.
789 472 1038 526 Quicunque
1059 474 1172 514 enim
1192 474 1296 516 haec
1317 475 1446 516 verba
1467 475 1710 526 audiebant,
1742 476 1772 516 ii
1793 491 1881 518 non
1900 477 2158 530 ignorabant
2177 479 2410 533 Megaclem

140 544 347 586 victorem
376 545 565 586 curulem
595 559 699 586 esse.
758 544 841 587 Sed
870 548 919 586 ut
949 545 1050 587 haec
1079 545 1190 587 falsa
1219 546 1320 596 sint,
1351 549 1397 587 at
1427 547 1635 588 absonum
1656 550 1722 589 est
1752 549 1987 591 carminum
2015 551 2134 604 equis
2156 552 2410 595 fundamen-

138 618 231 657 tum
258 617 411 670 jacere.
456 616 567 670 Equi
597 631 765 659 currere
795 618 979 659 tendunt
1013 616 1084 670 (cf.
1099 616 1162 658 Ol.
1182 621 1218 668 6,
1241 620 1330 668 22),
1366 619 1476 661 sicut
1505 620 1671 673 aquilae
1699 620 1840 661 volare
1872 620 1943 674 (N.
1964 625 2002 673 5,
2025 622 2109 675 21).
2155 623 2274 672 Quod
2297 626 2410 667 enim

140 687 403 730 Schmidtius
432 689 556 731 affert
587 684 699 744 ἅρμα
716 692 926 744 Πιερίδων
947 690 1187 746 τετράορον,
1217 690 1320 732 P.X
1352 693 1401 732 65
1432 691 1560 745 longe
1590 692 1743 733 differt.
1802 692 1884 734 Sed
1914 693 2016 736 haec
2044 695 2265 738 hactenus.
2308 696 2409 738 Non

139 762 283 802 omnia
312 761 500 814 quidem,
530 775 637 814 quae
668 761 930 804 Schmidtius
962 763 1070 804 male
1100 765 1143 803 et
1172 777 1369 816 perverse
1400 764 1450 805 de
1480 764 1561 806 hoc
1592 765 1778 806 carmine
1808 765 1936 816 dixit,
1967 768 2169 818 tractavi,
2202 769 2273 810 sed
2305 770 2409 811 satis

138 833 295 884 multa,
334 836 383 874 ut
422 834 624 886 cognosci
652 826 809 888 possit,
849 835 1001 889 quanti
1033 835 1122 889 jam
1161 835 1319 877 laboris
1349 835 1544 877 futurum
1583 837 1639 877 sit
1669 838 1978 890 posterioribus
2016 840 2323 894 interpretibus
2361 857 2410 885 ea

136 905 301 947 diruere
332 908 374 947 et
405 906 630 957 dimovere,
662 908 815 961 quibus
845 907 1104 949 novissimus
1135 908 1347 961 interpres
1379 909 1560 950 artificia
1590 908 1766 951 Pindari
1796 910 1939 951 obruit
1969 914 2012 952 et
2041 911 2240 955 foedavit.

944 1027 1032 1082 01.
1068 1027 1124 1081 Χ
1162 1028 1273 1091 (XI
1309 1028 1596 1091 Momms.)

362 1127 556 1170 Victoria
585 1129 638 1169 ab
660 1128 916 1181 Agesidamo
947 1129 1151 1171 Locrensi
1173 1129 1458 1183 Epizephyrio
1490 1129 1553 1171 Ol.
1585 1135 1649 1181 74,
1683 1134 1702 1172 1
1736 1135 1955 1186 reportata
1985 1149 2009 1175 a
2027 1134 2211 1177 Pindaro
2242 1135 2407 1177 duobus

137 1201 395 1243 carminibus
427 1199 489 1242 Ol.
520 1200 559 1241 X
591 1204 632 1242 et
662 1200 725 1241 XI
753 1200 971 1251 laudatur,
1010 1216 1191 1255 quorum
1222 1203 1403 1243 alterum
1441 1206 1539 1256 post
1569 1203 1706 1257 ipsam
1735 1205 1958 1246 victoriam
1987 1205 2185 1260 Delphis,
2227 1207 2407 1249 alterum

136 1273 299 1326 aliquot
339 1273 463 1314 annis
503 1275 602 1327 post
631 1272 778 1314 Locris
811 1275 1031 1314 cantatum
1062 1277 1139 1315 est.
1199 1273 1388 1322 Quorum
1418 1278 1646 1329 utrumque
1676 1276 1982 1331 interpretibus
2014 1293 2191 1333 magnas
2222 1279 2405 1321 difficul-

135 1348 248 1387 tates
278 1346 474 1399 praebuit
504 1348 547 1387 et
576 1345 731 1387 indicio
759 1347 837 1396 est,
868 1348 1030 1399 quanta
1049 1346 1284 1399 pertinacia
1315 1361 1437 1401 saepe
1460 1362 1622 1389 errores
1644 1349 1816 1402 quidam
1838 1350 2072 1392 obtineant.
2130 1351 2269 1400 Quum
2293 1353 2408 1393 enim

135 1419 180 1459 in
219 1419 405 1460 carmine
442 1418 685 1468 undecimo,
726 1418 840 1471 quod
879 1418 983 1471 quin
1021 1418 1184 1472 aliquot
1221 1419 1343 1460 annis
1382 1423 1480 1473 post
1519 1420 1727 1462 decimum
1767 1422 1973 1476 scriptum
2005 1424 2080 1474 sit,
2120 1424 2308 1465 dubitari
2338 1425 2408 1465 vix

135 1493 292 1544 potest,
324 1505 361 1531 v.
382 1493 404 1531 9
436 1493 564 1544 poeta
595 1490 770 1531 dixisset
800 1491 845 1531 111
876 1491 1076 1532 solvendo
1108 1505 1203 1532 aere
1233 1491 1369 1533 alieno
1401 1507 1552 1533 usuras
1583 1493 1796 1536 addendas
1820 1510 1925 1546 esse,
1957 1497 2094 1537 scriba
2114 1497 2286 1550 quidam
2308 1497 2408 1539 huic

134 1563 290 1604 minori
321 1563 510 1613 carmini,
541 1562 692 1616 majori
721 1563 783 1603 1111
813 1562 1036 1604 undecimo
1067 1563 1111 1603 in
1139 1564 1259 1604 libris
1290 1566 1592 1618 manuscriptis
1623 1569 1798 1620 propter
1828 1568 2036 1610 minorem
2058 1570 2265 1610 ambitum
2286 1571 2406 1622 post-

134 1636 276 1689 posito
306 1635 483 1676 titulum
512 1634 634 1682 τόκος
663 1635 825 1676 addidit
855 1637 898 1676 et
928 1636 1186 1688 posteriores
1219 1635 1402 1677 editores
1425 1638 1606 1690 probata
1631 1638 1710 1679 hac
1732 1640 1947 1681 sententia
1964 1640 2045 1682 hoc
2067 1656 2234 1682 carmen
2254 1655 2406 1682 usurae

132 1708 225 1749 loco
257 1708 485 1749 habebant.
544 1707 593 1748 Id
623 1722 870 1760 perversum
900 1722 992 1748 esse
1023 1722 1277 1761 quamquam
1308 1710 1480 1762 plurimi
1510 1711 1768 1752 recentiores
1798 1712 2054 1766 interpretes
2088 1713 2404 1763 intellexerunt,

134 1784 278 1821 tamen
300 1780 491 1831 ,multum
522 1794 673 1833 operae
704 1784 746 1821 et
775 1779 939 1832 ingenii
968 1780 1012 1820 in
1043 1794 1091 1820 eo
1121 1785 1378 1833 posuerunt,
1411 1785 1459 1822 ut
1488 1783 1766 1837 indagarent,
1807 1798 1890 1837 qua-
1920 1784 2084 1825 ratione
2115 1785 2186 1826 illa
2219 1786 2407 1827 carmina

133 1852 247 1893 inter
274 1867 318 1893 se
343 1853 719 1906 conjungerentur.
778 1852 921 1906 Atque
952 1852 1075 1893 modo
1106 1854 1319 1906 putabant
1350 1855 1488 1896 verbis
1520 1870 1556 1895 v.
1589 1859 1611 1897 6
1643 1855 1798 1898 πιστόν
1829 1851 1992 1913 ὅρκιον,
2023 1857 2146 1898 modo
2175 1860 2249 1898 v.5
2282 1856 2406 1910 ἁρχαὶ

132 1923 317 1976 ὑστέρων
347 1925 494 1978 λόγων,
525 1925 649 1967 1110ᾶο
680 1939 805 1966 versu
834 1928 884 1966 16
923 1925 1106 1966 alterum
1137 1941 1305 1967 carmen
1348 1928 1490 1981 tangi,
1523 1942 1779 1982 quamquam
1811 1929 1847 1969 si
1876 1943 2045 1971 omnem
2073 1929 2407 1983 praejudicatam

133 1997 378 2050 opinionem
408 1997 613 2051 abjeceris
644 1998 751 2038 nihil
781 1997 989 2051 ejusmodi
1018 1997 1220 2039 invenies.
1278 1998 1420 2051 Atque
1457 1998 1694 2042 Schmidtio
1730 2001 1845 2042 laudi
1883 2001 2135 2043 vertendum
2166 2004 2251 2051 est,
2293 2001 2406 2054 quod

133 2070 248 2111 hunc
278 2085 464 2111 errorem
494 2070 666 2121 vitavit,
707 2070 934 2111 dolendum
964 2085 1083 2120 vero,
1123 2070 1236 2124 quod
1265 2075 1575 2126 praeoccupata
1605 2075 1747 2114 mente
1787 2073 1838 2115 ad
1869 2089 2038 2115 carmen
2068 2074 2269 2115 accedens
2300 2074 2405 2115 alios

133 2157 296 2184 errores
326 2143 570 2194 immiscuit,
603 2143 675 2196 qui
705 2142 819 2183 haud
850 2142 935 2183 scio
967 2157 1021 2183 an
1053 2143 1182 2183 etiam
1206 2143 1342 2196 magis
1365 2144 1600 2197 impediant
1621 2145 1820 2188 carminis
1842 2149 2086 2189 accuratam
2105 2147 2404 2200 cognitionem.

134 2214 289 2256 Censet
329 2215 442 2256 enim
482 2217 654 2268 poetam
692 2215 1004 2257 adolescentem
1047 2215 1173 2256 solito
1213 2215 1373 2268 majore
1411 2217 1579 2258 laetitia
1618 2218 1819 2259 affectum
1854 2218 1933 2260 1100
1963 2232 2132 2259 carmen
2170 2219 2403 2272 scripsisse,

132 2287 288 2341 quippe
319 2302 402 2341 quo
433 2288 617 2342 primum
647 2288 784 2329 victor
807 2286 1055 2341 Olympicus
1086 2287 1322 2328 laudandus
1355 2291 1487 2339 esset;
1517 2292 1659 2331 totum
1689 2290 1886 2331 habitum
1917 2290 2117 2332 carminis
2148 2291 2189 2331 id
2219 2291 2405 2344 prodere.

133 2359 226 2412 Ego
256 2359 298 2400 id
328 2360 432 2401 mihi
461 2360 713 2414 persuadere
743 2375 830 2401 non
860 2360 994 2413 potui.
1053 2359 1208 2401 Nonne
1248 2360 1360 2401 enim
1396 2360 1534 2402 honor
1563 2362 1767 2404 victoriae
1800 2362 2044 2416 Olympicae
2081 2363 2209 2404 etiam
2249 2363 2400 2404 elatius

132 2432 300 2473 tollitur
330 2433 515 2474 carmine
547 2431 767 2487 Olympico
798 2433 967 2486 primo?
1012 2431 1166 2474 Nonne
1207 2433 1251 2473 in
1289 2432 1382 2474 aliis
1413 2432 1583 2486 hymnis
1621 2436 1750 2476 etiam
1782 2435 1958 2477 clariore
1990 2449 2092 2476 voce
2122 2435 2402 2488 praedicatur,

132 2505 284 2557 quanti
312 2505 500 2546 carmina
529 2505 723 2547 facienda
753 2506 870 2547 sint?
930 2505 1090 2553 Quodsi
1120 2519 1218 2546 vero
1242 2504 1504 2547 Schmidtius
1535 2507 1588 2548 ad
1608 2521 1776 2549 versum
1802 2508 2008 2550 decimum
2028 2510 2244 2560 provocat,
2276 2522 2401 2560 quem

131 2591 228 2618 cum
245 2576 540 2618 Heimsoethio
562 2578 624 2618 ita
653 2578 851 2632 explicat,
883 2581 932 2619 ut
963 2578 1265 2619 documentum
1296 2578 1352 2619 sit
1383 2578 1566 2620 modesti
1596 2580 1728 2621 animi
1756 2582 1920 2633 poetae,
1950 2579 2245 2633 magnitudine
2275 2579 2405 2621 officii

131 2650 319 2702 suscepti
348 2649 451 2691 adeo
482 2651 691 2703 occupati,
722 2653 770 2692 ut
801 2652 892 2692 sine
923 2650 1080 2692 auxilio
1111 2650 1253 2691 divino
1285 2665 1374 2692 rem
1404 2654 1679 2705 peracturum
1708 2667 1751 2694 se
1782 2652 1961 2702 diffidat,
1992 2652 2035 2692 id
2067 2667 2090 2692 a
2121 2651 2282 2704 reliqua
2311 2651 2402 2704 ejus

129 2721 436 2763 consuetudine
466 2737 552 2763 11011
583 2722 794 2764 abhorret.
853 2722 965 2764 Nam
995 2722 1206 2764 Pindarus
1237 2737 1490 2777 quacunque
1528 2724 1627 2766 data
1657 2724 1878 2766 occasione
1909 2738 2117 2765 summam
2144 2738 2285 2764 rerum
2323 2723 2402 2764 diis

129 2793 304 2843 tribuit3
345 2794 395 2836 cf.
429 2793 491 2835 Ol.
525 2797 588 2845 13,
622 2797 722 2837 104:
753 2799 829 2838 νῦν
859 2795 1084 2848 δ’ἕλπομαι
1111 2799 1202 2848 μέν,
1233 2794 1278 2837 ἐν
1309 2799 1402 2851 θεῷ
1431 2811 1476 2849 γε
1503 2795 1589 2849 μεῖν
1618 2798 1733 2843 τέλος
1762 2796 1813 2837 N.
1834 2799 1898 2848 10,
1930 2799 2002 2838 29:
2033 2799 2134 2847 Ζεῦ,
2165 2798 2253 2836 πᾶν
2281 2797 2398 2842 τέλος

129 2864 175 2908 ἐν
195 2868 262 2908 τὶν
283 2866 425 2922 ἔργων.
470 2864 533 2907 Ol.
548 2869 584 2917 9,
609 2869 708 2909 103:
728 2866 826 2910 ἄνευ
851 2869 898 2910 δέ
914 2870 1020 2910 θεοῦ
1042 2871 1317 2921 σεσιγαμένον
1338 2866 1388 2910 οὐ
1407 2869 1652 2922 σκαιότερον
1672 2871 1800 2926 χρῆμ’
1823 2867 1997 2911 ἕκαστον
2017 2871 2094 2910 010.
2138 2866 2399 2908 Schmidtius

130 2953 230 2981 vcro
260 2954 314 2980 ne
345 2939 442 2981 inde
473 2939 782 2982 adolescentiae
812 2940 1016 2982 indicium
1045 2940 1286 2994 depromat,
1327 2940 1433 2982 addo
1464 2955 1570 2994 quae
1600 2941 1691 2994 ipse
1720 2955 1758 2994 p.
1792 2943 1870 2982 106
1911 2940 1960 2981 (10
1991 2940 2176 2982 carmine
2207 2939 2269 2980 XI
2307 2954 2402 2981 cum

127 3010 264 3053 hocX
283 3011 383 3061 fere,
416 3014 464 3053 ut
482 3011 565 3065 ipsi
587 3011 767 3063 videtur,
798 3014 965 3066 aequali
986 3013 1064 3063 vel,
1096 3013 1139 3053 id
1164 3012 1275 3065 quod
1305 3012 1410 3053 mihi
1439 3027 1690 3066 persuasum
1721 3015 1799 3063 est,
1830 3027 1916 3054 11011
1946 3012 2082 3053 11111110
2112 3014 2210 3065 post
2242 3011 2400 3065 scripto

129 3083 254 3133 dicit,
295 3084 450 3138 quippe
490 3099 574 3138 quo
612 3099 690 3138 ope
729 3086 902 3127 deorum
942 3085 1114 3127 silentio
1152 3085 1455 3138 praetermissa
1484 3087 1655 3127 tantum
1685 3085 1891 3127 momenti
1921 3085 1973 3126 ad
2003 3084 2226 3126 victoriam
2255 3097 2400 3137 repor-
