2724 3518
1318 143 1378 187 12

213 284 446 339 Leopolde!
505 283 573 324 An
604 283 685 324 alia
716 296 781 323 res
813 285 879 324 est
917 281 980 324 Ol.
1013 285 1049 332 3,
1083 285 1107 324 8
1139 298 1198 337 sq.
1230 287 1268 333 9,
1300 288 1352 326 47
1385 299 1446 338 80.
1477 286 1529 324 80
1560 298 1620 337 sq.
1663 282 1726 324 Ol.
1758 286 1823 333 13,
1855 286 1906 325 93
1939 298 1999 337 80.
2041 282 2087 323 Ρ.
2118 286 2154 333 1,
2188 286 2206 324 1
2243 298 2303 337 80.
2340 284 2484 338 81“80.

213 357 260 399 P.
290 356 365 406 IX,
397 360 461 398 77.
498 355 552 396 N.
581 359 619 404 4,
651 357 703 395 33
735 369 808 408 sq.,
839 355 992 408 quibus
1023 355 1220 397 omnibus
1251 357 1355 398 locis
1387 357 1437 397 de
1468 356 1573 397 artis
1605 369 1706 397 suae
1734 356 1973 410 praeceptis
2003 359 2132 410 poeta
2160 355 2380 410 loquitur?

438 427 618 476 Quodsi,
657 427 970 468 sententiarum
999 441 1251 480 progressus
1282 429 1470 482 optimus
1501 430 1567 469 est
1597 431 1641 469 et
1669 430 1797 481 poeta
1828 443 1853 469 a
1882 429 2115 482 puerilibus
2145 427 2482 482 digressionibus

211 503 439 549 liberatus,
473 500 564 553 jam
595 512 764 551 sperare
793 513 1020 552 possumus
1051 500 1163 551 fore,
1202 504 1251 543 ut
1280 502 1404 543 nobis
1445 500 1671 554 contingat
1705 500 1810 540 illud
1849 501 2029 554 denique
2066 501 2225 543 crimen
2262 503 2306 541 et
2342 499 2484 553 ipsum

213 575 394 623 diluere,
433 571 547 625 quod
578 570 839 613 Schmidtius
877 585 905 612 a
932 572 1143 613 narrandi
1171 576 1210 614 et
1239 574 1500 615 describendi
1538 573 1698 614 ratione
1734 573 1873 626 petiit.
1931 572 2198 627 Quamquam
2236 572 2316 613 hac
2356 573 2402 613 in
2438 587 2484 614 re

210 648 302 700 ipse
332 645 382 686 de
412 658 539 686 causa
570 657 646 684 sua
676 657 811 697 paene
842 644 1049 697 desperat.
1109 644 1313 687 Confiteri
1342 647 1456 687 6111111
1486 647 1659 687 coactus
1690 647 1776 695 est,
1808 660 2017 687 summam
2046 645 2223 687 Pindari
2251 647 2387 686 artem
2415 659 2482 687 res

210 719 273 760 ita
303 715 588 766 describendi,
628 718 676 757 ut
706 716 829 770 quasi
861 716 993 757 oculis
1025 718 1313 769 spectantium
1343 719 1646 772 subjiciantur,
1684 717 1766 758 hoc
1795 717 1955 759 decimo
1985 717 2143 772 Pythio
2180 719 2367 760 carmine
2396 732 2484 759 non

210 791 351 832 minus
381 802 623 842 expressam
653 803 745 829 esse
773 802 902 841 quam
931 788 1016 829 ullo
1047 789 1128 831 alio
1158 791 1224 832 vel
1253 791 1304 832 ad
1334 791 1611 833 maturiorem
1641 792 1827 831 aetatem
1856 791 2112 842 pertinente.
2174 791 2319 833 Unum
2346 791 2483 832 inter-

211 877 322 912 esse,
362 861 476 915 quod
505 875 637 915 quum
662 861 707 901 111
738 861 1047 914 posterioribus
1079 863 1337 904 carminibus
1368 864 1446 905 hae
1477 863 1722 917 splendidae
1753 862 2061 915 descriptiones
2090 864 2366 905 brevissimae
2396 863 2484 904 sint

211 938 253 977 et
277 933 502 988 repentina
521 933 705 987 quadam
725 933 818 975 luce
847 934 974 974 rebus
1003 933 1140 975 offusa
1169 935 1361 989 legentes
1393 936 1617 984 delectent,
1648 935 1693 975 in
1723 934 1804 976 1106
1835 934 2022 976 carmine
2050 938 2178 989 poeta
2207 937 2410 991 ampliore
2440 937 2484 977 et

209 1007 450 1049 verbosiore
479 1005 683 1046 narrandi
712 1008 755 1046 et
785 1005 1043 1059 depingendi
1073 1020 1227 1060 genere
1257 1011 1417 1049 utatur.
1474 1008 1524 1048 Id
1545 1008 1580 1049 si
1602 1022 1751 1049 verum
1770 1010 1895 1056 esset,
1928 1006 2189 1049 Schmidtius
2213 1023 2300 1050 non
2323 1008 2483 1049 medio-

209 1080 337 1122 criter
362 1092 532 1120 causam
560 1092 680 1118 suam
704 1078 928 1119 firmasset.
987 1077 1069 1119 Sed
1100 1080 1242 1121 studio
1272 1095 1383 1122 nova
1412 1080 1658 1122 inveniendi
1688 1080 1890 1133 abreptus
1921 1095 1945 1121 a
1973 1094 2073 1121 vero
2101 1081 2229 1134 longe
2258 1081 2484 1122 aberravit.

206 1151 298 1200 Quo
328 1151 441 1192 enim
471 1150 614 1190 differt
639 1150 864 1204 descriptio
887 1150 1032 1192 Persei
1062 1152 1107 1192 in
1138 1153 1364 1194 concilium
1385 1152 1760 1206 Hyperboreorum
1789 1153 1995 1193 intrantis
2027 1153 2086 1202 (v.
2109 1152 2306 1204 31—36),
2338 1154 2390 1194 ab
2410 1153 2483 1194 illo

206 1223 404 1266 Herculis
435 1222 487 1263 ad
510 1221 784 1263 Telamonem
805 1222 1003 1273 adventu,
1034 1224 1107 1277 qui
1129 1228 1330 1266 narratur
1350 1225 1389 1267 J.
1412 1229 1448 1276 5,
1482 1228 1532 1266 35
1555 1227 1673 1280 sqq?
1704 1225 1794 1266 Aut
1823 1239 1907 1279 quo
1937 1225 2119 1266 felicitas
2149 1224 2295 1267 hilaris
2313 1225 2482 1279 Hyper-

205 1297 450 1344 boreorum,
489 1309 597 1348 quae
627 1295 882 1337 describitur
912 1310 949 1335 v.
982 1298 1184 1346 37—44,
1224 1312 1248 1338 a
1278 1299 1390 1339 laeta
1419 1298 1643 1339 hominum
1678 1298 1723 1338 in
1752 1298 1893 1339 insula
1932 1298 2155 1338 beatorum
2186 1297 2483 1338 suavissimam

205 1369 339 1410 vitam
372 1368 618 1421 degentium
655 1367 918 1417 conditione,
962 1383 1070 1422 quae
1108 1373 1309 1411 narratur
1346 1369 1408 1412 Ol.
1440 1370 1495 1420 II,
1529 1372 1742 1412 66—83?
1801 1371 1890 1411 Aut
1922 1369 2068 1412 Persei
2099 1370 2238 1424 capite
2269 1369 2484 1423 Gorgonis

206 1440 429 1495 anguifero
468 1440 611 1481 ornati
651 1440 812 1493 species
861 1443 904 1481 et
943 1441 1084 1494 imago
1125 1457 1148 1483 a
1184 1442 1513 1497 Bellerophonte
1563 1458 1659 1484 cum
1695 1443 1986 1485 Amazonibus
2026 1443 2183 1483 bellum
2222 1445 2399 1495 gerente
2441 1444 2484 1483 et

206 1514 469 1556 Chimaeram
500 1515 628 1566 atque
659 1511 852 1565 Solymos
882 1512 1165 1555 interficiente
1198 1513 1260 1555 Ol.
1291 1515 1410 1561 XIII.
1443 1517 1638 1557 83-90‘?
1697 1515 1909 1557 Plurimos
1941 1515 2149 1569 ejusmodi
2187 1515 2302 1556 locos
2333 1515 2485 1557 addere

206 1600 401 1641 possum3
448 1585 521 1626 sed
569 1585 673 1626 satis
716 1585 783 1626 sit.
843 1583 1093 1639 Quicunque
1138 1587 1252 1628 enim
1295 1587 1530 1629 Pindarum
1579 1589 1809 1638 evolverit,
1858 1603 1956 1628 mox
1998 1588 2188 1629 inveniet
2229 1588 2333 1629 haec
2380 1588 2485 1628 talia

206 1658 435 1713 opprobria
468 1657 752 1699 Schmidtium
789 1672 839 1698 ex
876 1672 951 1698 8110
989 1658 1184 1710 ingenio,
1224 1675 1311 1701 11011
1351 1675 1400 1701 ex
1430 1660 1606 1702 Pindari
1642 1661 1899 1702 carminibus
1940 1661 2143 1701 hausisse.
2202 1660 2324 1708 Quod
2353 1674 2485 1713 quum

203 1732 266 1773 ita
304 1731 382 1780 sit,
426 1745 474 1772 60
513 1731 650 1784 magis
688 1731 842 1780 laetor,
887 1731 998 1784 quod
1046 1731 1111 1772 161
1142 1731 1403 1774 Schmidtius
1441 1734 1634 1775 concedit
1674 1749 1767 1774 eam
1805 1733 2008 1775 narrandi
2049 1733 2259 1774 rationem
2298 1732 2484 1774 Pindaro

204 1804 439 1858 propriam,
470 1818 554 1857 qua
584 1817 747 1843 summa
776 1817 918 1844 rerum
948 1803 1135 1844 breviter
1164 1806 1398 1858 praemissa
1429 1806 1598 1859 singula
1627 1806 1765 1847 fusius
1796 1806 1857 1847 ita
1886 1808 2066 1855 tractat,
2104 1808 2153 1846 ut
2183 1808 2400 1859 postremo
2430 1805 2485 1846 ad

204 1877 376 1918 initium
399 1876 544 1917 redeat
571 1875 720 1924 oratiO,
748 1875 837 1928 jam
868 1875 1184 1918 adolescentulo
1215 1877 1402 1920 Pindaro
1432 1879 1649 1932 propriam
1681 1879 1824 1920 fuisse.
1884 1878 2005 1926 Quod
2029 1879 2073 1919 in
2096 1881 2291 1919 nostram
2313 1892 2484 1919 causam

205 1950 508 1991 convertimus.

429 2021 479 2062 In
511 2022 591 2063 hoc
630 2024 753 2062 tanto
794 2022 1029 2062 carminum
1069 2036 1281 2063 consensu
1318 2025 1474 2065 mirum
1512 2029 1646 2075 esset,
1688 2026 1724 2066 si
1752 2025 1880 2066 homo
1912 2024 2186 2066 doctissimus
2223 2024 2268 2064 in
2306 2023 2358 2064 iis
2394 2037 2484 2064 rem

205 2109 285 2136 acu
321 2094 559 2148 tetigisset,
603 2108 709 2147 (11166
749 2094 798 2135 (16
827 2094 972 2146 fabula
1003 2096 1163 2136 scribit.
1229 2095 1367 2138 Multa
1405 2097 1518 2138 enim
1557 2098 1661 2139 vitia
1695 2098 1900 2151 juvenilia
1937 2097 2147 2139 detexisse
2185 2096 2266 2136 sibi
2304 2094 2484 2136 videtur.

205 2166 348 2220 Atque
377 2166 561 2220 primum
595 2166 762 2221 quidem
793 2170 938 2208 censet
972 2168 1141 2209 fabulae
1168 2183 1305 2221 neque
1335 2173 1637 2222 argumentum
1668 2185 1805 2224 neque
1830 2170 2159 2223 descriptionem
2189 2184 2284 2210 cum
2309 2168 2484 2210 victoris

209 2240 453 2281 conditione
493 2254 748 2292 congruere,
788 2239 937 2281 deinde
975 2254 1061 2281 non
1095 2256 1163 2291 ea,
1207 2242 1361 2295 quibus
1400 2246 1549 2284 nostra
1584 2247 1780 2296 tempora
1818 2243 1870 2284 ad
1909 2242 2232 2283 similitudinem
2269 2240 2483 2295 quandam

207 2316 449 2365 temporum
478 2312 765 2366 mythicorum
796 2312 1016 2362 accedant,
1056 2313 1252 2354 laudibus
1284 2316 1440 2365 efferri,
1481 2316 1554 2356 sed
1584 2316 1738 2369 quibus
1769 2316 1968 2357 differant
1999 2315 2150 2363 doleri3
2188 2317 2282 2356 tum
2312 2316 2483 2367 poetam

208 2385 519 2426 adolescentem
549 2385 676 2425 nimis
707 2385 921 2426 miraculis
944 2386 1148 2438 gaudere3
1180 2387 1361 2440 denique
1391 2391 1562 2442 poetam
1593 2403 1718 2430 versu
1745 2391 1797 2430 54
1827 2389 2133 2442 magistrorum
2162 2401 2337 2428 suorum
2360 2400 2483 2440 prae-

210 2460 334 2511 cepta
364 2457 658 2499 recordantem
688 2458 828 2511 palam
857 2458 1064 2511 profiteri,
1096 2453 1332 2501 carminum
1363 2461 1641 2514 epiniciorum
1672 2476 1765 2502 eam
1795 2476 1887 2503 esse
1918 2462 2067 2514 legem,
2099 2464 2148 2501 ut
2175 2447 2345 2512 singula
2369 2459 2483 2500 inter

210 2545 254 2571 se
291 2544 443 2583 parum
479 2529 735 2571 cohaereant
774 2532 816 2570 et
856 2532 984 2583 poeta
1022 2531 1074 2571 ab
1114 2531 1196 2572 alio
1236 2532 1288 2573 ad
1329 2533 1444 2574 aliud
1481 2534 1710 2575 transiliat.
1779 2534 2062 2583 Quamobrem
2103 2533 2332 2574 verisimile
2377 2546 2482 2581 esse,

210 2601 444 2642 Pindarum
473 2602 662 2642 nondum
693 2616 769 2643 suo
795 2602 954 2656 judicio
986 2618 1109 2644 usum
1138 2604 1183 2644 in
1212 2605 1291 2647 hoc
1321 2606 1507 2647 carmine
1536 2607 1727 2659 priorum
1751 2610 1974 2660 poetarum
1996 2620 2157 2647 morem
2179 2608 2370 2646 secutum
2392 2619 2484 2646 6886

210 2674 522 2727 postulantium
542 2674 724 2728 quidem,
755 2678 803 2715 ut
831 2676 1000 2717 fabulae
1030 2677 1236 2730 quaedam
1266 2678 1562 2720 intexerentur
1593 2679 1865 2729 carminibus,
1897 2679 1970 2721 sed
2000 2678 2270 2732 negligenter
2293 2691 2362 2718 eas
2388 2691 2484 2718 cum

211 2746 383 2799 reliquis
433 2746 628 2800 partibus
686 2748 922 2789 carminum
973 2749 1329 2803 conjungentium
1387 2754 1430 2792 et
1483 2766 1571 2793 non
1630 2766 1726 2793 raro
1782 2751 1969 2793 fortasse
2015 2750 2367 2793 contendentium
2416 2763 2483 2789 res

212 2818 421 2870 mythicas
449 2819 636 2860 humana
666 2820 909 2861 conditione
940 2821 1075 2862 multo
1107 2822 1304 2863 elatiores
1337 2837 1439 2864 esse.
1500 2823 1674 2864 Pindari
1705 2839 1804 2866 vero
1835 2824 2113 2865 maturiorem
2143 2824 2329 2864 aetatem
2366 2822 2485 2863 nacti

214 2890 433 2942 ingenium
462 2893 647 2945 primum
687 2892 895 2934 revelasse
936 2893 1132 2935 intimam
1175 2895 1290 2936 illam
1335 2895 1684 2948 conjunctionem
1733 2898 1863 2950 atque
1902 2896 2226 2938 similitudinem
2272 2895 2484 2937 humanae

214 2963 328 3004 vitae
366 2978 461 3004 611111
501 2964 677 3005 1161011111
716 2967 869 3006 aetate.
936 2966 986 3006 In
1029 2981 1112 3020 quo
1153 2966 1413 3008 Sclimidtius
1454 2971 1625 3009 tantum
1664 2984 1859 3010 acervum
1895 2968 2228 3022 perversitatum
2265 2968 2484 3020 congessit

214 3037 342 3088 atque
373 3036 622 3086 cumulavit,
654 3039 701 3077 ut
733 3037 903 3079 difficile
934 3039 989 3079 sit
1019 3039 1218 3089 1111611111,
1257 3039 1367 3080 1111(16
1397 3040 1569 3081 initium
1601 3040 1818 3083 refutandi
1848 3042 2075 3094 capiamus.
2135 3039 2201 3082 Ne
2232 3054 2330 3081 vero
2361 3055 2483 3082 accu-
