2724 3518
1325 163 1388 208 28

224 321 448 348 usurarum
486 305 570 345 vim
608 306 650 343 et
688 301 918 343 utilitatem
956 301 1133 351 transit,
1172 301 1224 343 ad
1264 316 1391 355 quam
1428 301 1726 343 illustrandam
1762 301 1844 343 duo
1885 301 2037 343 similia
2067 301 2261 351 adhibet,
2303 315 2485 355 quorum

226 380 407 421 alterum
437 375 644 417 undarum
674 374 853 415 similem
882 374 967 415 vim
997 374 1170 423 indicat,
1201 375 1382 415 alterum
1409 374 1460 415 ad
1485 377 1753 427 praesentem
1776 388 1917 415 rerum
1940 376 2104 415 statum
2124 374 2488 415 accommodatum

225 451 456 493 transitum
495 446 761 489 commodum
800 446 851 487 ad
895 445 1168 487 Locrensium
1209 446 1377 487 laudem
1413 448 1548 499 parat.
1606 445 1722 493 Quae
1762 460 1860 486 vero
1900 449 2138 499 sequuntur
2175 460 2262 487 non
2299 446 2361 487 ita
2391 461 2487 487 cum

227 520 575 565 antecedentibus
606 518 903 571 conjungenda
942 521 1065 567 sunt,
1104 522 1152 559 ut
1182 517 1487 559 Mommsenius
1526 508 1689 559 censet:
1730 517 1898 567 „Facile
1935 519 2124 559 debitum
2162 532 2331 559 carmen
2365 518 2489 560 Musa

227 609 320 636 mea
349 592 494 633 amicis
525 591 764 644 persolvere
794 594 947 644 potest.
1006 590 1116 631 Nam
1147 590 1305 631 multae
1336 592 1437 631 sunt
1467 589 1698 631 Locrorum
1727 590 1910 631 laudes.“
1968 590 2081 640 Imo,
2114 593 2256 644 sperat
2286 595 2413 644 poeta
2443 606 2487 632 se

227 665 476 707 brevissimo
506 667 697 716 tempore
728 663 938 716 vituperio
969 662 1195 703 liberatum
1225 663 1289 712 iri,
1321 662 1432 715 quod
1458 662 1692 703 Locrenses
1723 677 1905 713 veraceS,
1938 662 2157 704 Musarum
2187 662 2322 712 amici,
2353 663 2488 704 fortes

227 738 326 778 sint.
384 736 442 777 Ut
473 750 643 777 veraces
675 738 796 785 sunt,
837 749 923 776 non
958 736 1180 787 negabunt
1210 738 1382 789 poetam
1419 735 1515 788 plus
1556 735 1823 788 praestitisse
1863 749 1992 788 quam
2026 735 2244 788 pollicitus
2284 737 2396 785 erat3
2439 739 2487 776 ut

225 809 443 850 Musarum
474 808 599 849 amici
629 810 744 857 sunt,
775 807 958 849 carmine
988 808 1229 860 praestanti
1258 807 1456 849 facillime
1486 807 1875 848 reconciliabuntur
1903 809 2074 861 poetae,
2117 808 2370 862 praesertim
2399 808 2489 858 tali,

225 881 337 935 quod
369 895 500 934 quum
531 880 834 922 certaminibus
865 883 907 920 et
947 880 1066 920 bellis
1106 884 1298 930 resonet,
1337 880 1491 921 animis
1531 880 1716 921 fortibus
1762 884 1804 921 et
1853 880 2065 921 bellicosis
2117 895 2262 922 eorum
2307 881 2490 923 maxime

225 954 442 1007 probetur.

446 1025 552 1067 Cum
581 1026 647 1066 his
679 1026 837 1080 optime
867 1024 1064 1076 congruit
1095 1030 1398 1078 argumentum
1428 1025 1627 1067 carminis
1657 1025 1812 1078 ipsius,
1852 1024 1898 1065 in
1929 1038 2012 1078 quo
2043 1024 2262 1067 institutio
2293 1026 2488 1068 ludorum

228 1097 545 1152 Olympicorum
604 1114 700 1140 cum
739 1097 934 1139 Herculis
989 1097 1114 1138 factis
1169 1098 1330 1141 bellicis
1386 1097 1644 1152 conjugitur.
1723 1097 1978 1150 Priusquam
2023 1111 2122 1138 vero
2169 1097 2221 1139 ad
2269 1112 2318 1139 ea
2364 1102 2491 1153 poeta

227 1175 434 1218 transeat,
465 1171 634 1212 laudem
663 1171 838 1212 victoris
868 1185 953 1211 non
984 1170 1183 1211 mediocri
1213 1174 1304 1212 arte
1334 1172 1395 1213 ita
1425 1170 1663 1225 praedicat:
2252 1213 2254 1215 ,

446 1243 706 1293 „Locrenses
736 1243 924 1284 bellicosi
952 1242 1105 1283 Martis
1137 1245 1322 1286 cultores
1353 1249 1467 1285 sunt.
1534 1243 1650 1284 Haec
1689 1244 1782 1284 laus
1819 1243 1871 1284 iis
1911 1243 2138 1284 tribuenda
2178 1246 2311 1293 esset,
2351 1246 2417 1285 vel
2455 1246 2491 1286 si

226 1317 364 1360 clades
395 1317 591 1368 acceptae
619 1314 724 1355 mihi
753 1315 987 1356 narrandae
1011 1318 1168 1364 essent,
1200 1317 1354 1370 quippe
1386 1331 1517 1369 quum
1534 1316 1737 1358 Hercules
1766 1316 1858 1369 ipse
1883 1315 2073 1356 omnium
2098 1316 2285 1357 virorum
2314 1317 2492 1358 fortium

227 1389 487 1431 fortissimus
520 1387 649 1428 semel
678 1402 703 1428 a
725 1387 866 1440 Cycno
896 1387 1043 1441 pulsus
1076 1392 1208 1437 esset3
1240 1392 1401 1442 quanto
1433 1390 1569 1442 magis
1602 1389 1736 1442 igitur
1757 1388 1968 1430 laudanda
1998 1392 2063 1429 est
2094 1402 2239 1429 eorum
2269 1389 2491 1440 fortitudo,

226 1477 357 1516 quum
386 1460 605 1514 pugilatus
635 1460 814 1501 victoria
843 1460 947 1500 mihi
982 1461 1159 1502 canendi
1200 1464 1369 1514 gratam
1406 1463 1667 1503 occasionem
1699 1462 1850 1502 offerat
1884 1462 1937 1502 ab
1967 1460 2225 1513 Agesidamo
2262 1465 2493 1516 reportata,

226 1549 354 1589 quam
382 1532 591 1586 imprimis
622 1532 827 1585 magistro
859 1547 934 1574 suo
964 1532 1051 1574 Ilae
1081 1533 1217 1574 debet.
1276 1534 1442 1575 Bonum
1473 1536 1586 1575 enim
1617 1535 1871 1587 magistrum
1900 1533 2055 1575 habere
2086 1534 2269 1574 multum
2299 1535 2412 1575 valet
2442 1534 2495 1576 ad

227 1606 478 1655 certamina,
517 1619 773 1658 quamquam
806 1605 879 1658 qui
909 1620 1065 1647 corona
1094 1607 1290 1659 oleagina
1321 1608 1514 1649 coronari
1544 1608 1711 1656 studet,
1749 1621 1801 1647 ne
1839 1606 2054 1647 laboribus
2093 1606 2262 1659 quidem
2293 1607 2495 1659 gravibus

227 1678 501 1733 supersedere
530 1677 711 1731 poterit,
742 1677 832 1718 sine
862 1678 1015 1731 quibus
1045 1679 1162 1719 nulla
1192 1680 1370 1721 victoria
1400 1680 1643 1721 hominibus
1674 1679 1923 1731 contingere
1954 1679 2102 1719 solet.“
2160 1678 2228 1719 Ita
2258 1679 2496 1720 sententiae

227 1752 334 1793 bene
364 1750 619 1804 procedunt,
650 1764 786 1802 neque
819 1764 924 1803 opus
955 1754 1019 1791 est
1050 1751 1102 1791 ad
1133 1752 1459 1794 scholi-astarum
1497 1753 1613 1793 illam
1644 1752 1934 1794 narrationem
1965 1750 2192 1803 confugere
2222 1751 2496 1802 tradentium,

227 1823 533 1877 Agesidamum
554 1823 737 1876 primum
760 1828 1006 1876 superatum
1027 1823 1113 1864 Ilae
1137 1824 1292 1877 aliptae
1317 1826 1383 1866 sui
1403 1826 1775 1867 adhortationibus
1795 1826 2054 1866 commotum
2077 1838 2181 1873 esse,
2214 1826 2262 1864 ut
2282 1828 2498 1865 certamen

228 1898 472 1943 renovaret,
517 1909 567 1935 ex
596 1909 679 1948 quo
709 1895 846 1936 victor
874 1895 1054 1949 denique
1092 1897 1307 1949 prodierit.
1366 1898 1524 1952 Aliptis
1565 1898 1678 1939 enim
1707 1898 1793 1938 tale
1823 1896 2055 1950 quidquam
2091 1910 2339 1937 concessum
2366 1896 2498 1940 fuisse

228 1983 344 2010 more
376 1968 635 2010 Graecorum
665 1968 734 2008 vix
765 1967 962 2009 credibile
993 1971 1071 2009 est.

453 2033 551 2081 Jam
581 2039 800 2080 redeamus
830 2040 882 2081 ad
904 2039 1206 2083 Schmidtium!
1239 2042 1457 2091 Quantum
1487 2059 1510 2084 a
1541 2043 1692 2085 ceteris
1722 2041 2030 2096 interpretibus
2061 2041 2229 2082 recedat
2258 2041 2303 2082 iu
2333 2042 2499 2095 exposi-

229 2115 346 2156 tione
375 2127 575 2154 versuum
608 2115 711 2153 1—-9
743 2112 944 2162 vidimus3
975 2114 1112 2166 magis
1143 2115 1272 2156 etiam
1303 2116 1546 2169 discrepant
1577 2131 1637 2165 ea,
1668 2130 1776 2170 quae
1806 2115 1859 2157 ad
1889 2129 1926 2155 v.
1957 2116 2091 2155 9—23
2123 2114 2357 2156 adnotavit.

453 2184 606 2226 Censet
637 2185 749 2225 enim
778 2200 874 2226 cum
904 2186 1081 2240 imagini
1109 2187 1172 2228 illi
1202 2188 1257 2240 (v.
1286 2189 1356 2242 10)
1389 2189 1524 2229 fusius
1557 2188 1791 2242 explicatae
1820 2202 1907 2229 non
1937 2187 2170 2238 auferendi,
2202 2187 2274 2228 sed
2304 2187 2502 2229 movendi

231 2260 316 2300 vim
346 2258 507 2306 inesse,
539 2260 631 2297 tum
661 2258 790 2298 verba
819 2263 994 2310 τίσομεν
1023 2259 1166 2301 κοινόν
1195 2261 1320 2313 λόγον
1350 2263 1478 2315 φίλαν
1507 2260 1547 2308 ἐς
1577 2261 1697 2313 χάριν
1727 2261 1781 2302 ab
1810 2261 2121 2314 interpretibus
2151 2260 2364 2315 prioribus
2394 2260 2503 2301 male

228 2331 447 2372 intellecta
488 2344 591 2370 esse.
649 2329 699 2370 V.
730 2329 878 2383 λόγον,
914 2344 1046 2384 quum
1084 2333 1259 2373 verbum
1298 2337 1429 2375 τίνειν
1466 2333 1656 2374 additum
1696 2334 1774 2383 sit,
1815 2333 1923 2374 nihil
1965 2334 2078 2375 aliud
2109 2333 2349 2387 significare
2379 2346 2503 2386 posse

229 2419 379 2458 quam,
411 2402 524 2456 quod
554 2401 770 2454 Kayserus
801 2402 1034 2453 docuisset,
1065 2417 1270 2446 smnmam
1293 2408 1499 2457 pecuniae
1527 2406 1709 2455 debitae;
1739 2406 1980 2459 subjectum
2009 2409 2153 2447 autem
2182 2406 2301 2447 verbi
2329 2410 2504 2459 τίσομεν

230 2491 322 2518 esse
358 2478 529 2529 poetam
565 2477 607 2515 et
646 2475 873 2525 victorem,
913 2476 965 2517 ad
1000 2491 1106 2530 quos
1139 2478 1397 2531 adjectivum
1425 2480 1564 2526 κοινός
1589 2482 1632 2520 et
1663 2479 1804 2532 ipsum
1832 2479 2057 2531 pertineat.
2115 2477 2364 2520 Pactionem
2390 2478 2504 2519 enim

231 2563 302 2590 eos
333 2549 446 2589 inter
477 2561 520 2588 se
551 2546 722 2595 fecisse,
761 2562 844 2601 qua
875 2547 1086 2590 Pindarus
1127 2565 1204 2603 pro
1236 2553 1422 2592 carmine
1453 2552 1642 2593 canendo
1683 2551 2075 2604 compensationem
2109 2551 2323 2604 quandam
2352 2552 2504 2604 pactus

233 2622 315 2670 sit,
356 2620 556 2661 nimirum
594 2618 722 2660 aliam
761 2621 974 2671 quandam
1012 2624 1236 2664 mercedem
1277 2637 1403 2676 quam
1435 2625 1672 2677 pecuniam.
1742 2623 1858 2672 Quae
1902 2637 2035 2678 quum
2076 2624 2138 2665 ita
2178 2624 2287 2673 sint,
2333 2637 2503 2664 carmen

231 2697 402 2747 poetae,
440 2706 572 2746 quum
601 2691 905 2743 Agesidamum
944 2698 1071 2747 cogat
1103 2699 1249 2736 votum
1280 2711 1304 2737 a
1334 2711 1377 2737 se
1408 2700 1655 2751 susceptum
1685 2699 1728 2738 et
1758 2697 1898 2750 ipsum
1930 2696 2111 2746 solvere,
2156 2710 2253 2737 vere
2290 2695 2505 2737 excitandi

234 2768 277 2806 et
306 2764 503 2806 movendi
540 2764 623 2804 vim
667 2764 842 2816 habere,
880 2767 1016 2808 simile
1052 2767 1164 2808 illius
1203 2769 1430 2818 torrentis,
1470 2770 1543 2823 qui
1582 2770 1775 2823 lapillum
1813 2771 1981 2810 moveat
2020 2771 2063 2810 et
2102 2768 2259 2810 abluat.
2317 2768 2503 2810 Intentis

235 2836 385 2877 animis
426 2836 479 2876 ab
520 2850 591 2877 ore
630 2836 855 2879 Schmidtii
894 2840 1125 2892 pendemus
1171 2841 1434 2894 cupidissimi
1471 2842 1692 2892 audiendi,
1739 2841 1863 2895 quale
1905 2841 2096 2883 officium
2134 2841 2418 2895 Agesidamus
2457 2841 2502 2881 in

236 2922 279 2949 se
309 2908 525 2961 receperit.
583 2909 661 2950 Vir
690 2910 961 2952 doctissimus
999 2912 1102 2953 dicit
1139 2913 1327 2966 quidem,
1367 2915 1565 2955 omnibus
1603 2915 1677 2968 qui
1713 2914 1853 2967 legere
1893 2915 2053 2964 sciant,
2099 2914 2141 2955 id
2180 2914 2285 2955 satis
2326 2912 2504 2955 dilucide

236 2994 381 3021 versus
402 2982 562 3022 15——18
592 2997 787 3032 narrare,
829 2983 902 3024 sed
931 2998 1009 3025 nos
1039 2985 1209 3037 quidem
1242 2986 1347 3026 nihil
1377 2987 1584 3040 ejusmodi
1615 2987 1862 3029 deteximus.
1921 2986 2204 3035 Quamobrem
2233 3000 2504 3039 quaesumus,

236 3052 300 3093 vir
322 3052 673 3105 ingeniosissime,
705 3058 753 3096 ut
777 3069 856 3097 nos
885 3058 1100 3108 mysteriis
1132 3058 1217 3098 tuis
1248 3058 1391 3100 init-ies
1423 3063 1466 3100 et
1495 3074 1649 3100 arcana
1678 3062 1754 3101 tua
1783 3060 1875 3112 ipse
1904 3059 2075 3101 reveles.
2136 3059 2295 3100 Favete
2320 3059 2501 3111 linguis!
